symbol,date_time,bidask,mx_id,price,quantity
GARAN,2017-03-01 09:55:32.783900,98,2686,8.66,1000000000
GARAN,2017-03-01 09:55:43.454800,98,2687,8.66,1000000000
GARAN,2017-03-01 09:55:54.125699,98,2688,8.66,1000000000
GARAN,2017-03-01 09:56:04.796598,98,2689,8.66,1000000000
GARAN,2017-03-01 09:56:15.467498,98,2690,8.66,1000000000
GARAN,2017-03-01 09:56:26.138397,98,2691,8.66,1000000000
GARAN,2017-03-01 09:56:36.809296,98,2692,8.66,1000000000
GARAN,2017-03-01 09:56:47.480196,98,2693,8.66,1000000000
GARAN,2017-03-01 09:56:58.151095,98,2694,8.66,1000000000
GARAN,2017-03-01 09:57:08.821995,98,2695,8.66,1000000000
GARAN,2017-03-01 09:57:19.492894,98,2696,8.66,1000000000
GARAN,2017-03-01 09:57:30.163793,98,2697,8.66,1000000000
GARAN,2017-03-01 09:57:40.834693,98,2698,8.66,1000000000
GARAN,2017-03-01 09:57:51.505592,98,2699,8.66,1000000000
GARAN,2017-03-01 09:58:02.176491,98,2700,8.66,1000000000
GARAN,2017-03-01 09:58:12.847391,98,2701,8.66,1000000000
GARAN,2017-03-01 09:58:23.518290,98,2702,8.66,1000000000
GARAN,2017-03-01 09:58:34.189189,98,2703,8.66,1000000000
GARAN,2017-03-01 09:58:44.860089,98,2704,8.66,1000000000
GARAN,2017-03-01 09:58:55.530988,98,2705,8.66,1000000000
GARAN,2017-03-01 09:59:06.201888,98,2706,8.66,1000000000
GARAN,2017-03-01 09:59:16.872787,98,2707,8.66,1000000000
GARAN,2017-03-01 09:59:27.543686,98,2709,8.66,1000000000
GARAN,2017-03-01 09:59:38.214586,98,2711,8.66,1000000000
GARAN,2017-03-01 09:59:48.885485,98,2713,8.66,1000000000
GARAN,2017-03-01 09:59:59.556384,98,2715,8.66,1000000000
GARAN,2017-03-01 10:00:10.227284,98,2717,8.66,1000000000
GARAN,2017-03-01 10:00:42.239982,98,2723,8.66,1000000000
GARAN,2017-03-01 10:00:52.910881,98,2725,8.66,1000000000
GARAN,2017-03-01 10:01:03.581781,98,2727,8.66,1000000000
GARAN,2017-03-01 10:01:14.252680,98,2729,8.66,1000000000
GARAN,2017-03-01 10:01:24.923579,98,2731,8.66,1000000000
GARAN,2017-03-01 10:01:35.594479,98,2733,8.66,1000000000
GARAN,2017-03-01 10:01:46.265378,98,2735,8.66,1000000000
GARAN,2017-03-01 10:01:56.936277,98,2737,8.66,1000000000
GARAN,2017-03-01 10:02:07.607177,98,2739,8.66,1000000000
GARAN,2017-03-01 10:02:18.278076,98,2741,8.66,1000000000
GARAN,2017-03-01 10:02:28.948976,98,2743,8.66,1000000000
GARAN,2017-03-01 10:02:39.619875,98,2745,8.66,1000000000
GARAN,2017-03-01 10:02:50.290774,98,2747,8.66,1000000000
GARAN,2017-03-01 10:03:22.303472,98,2753,8.66,1000000000
GARAN,2017-03-01 10:03:32.974372,98,2755,8.66,1000000000
GARAN,2017-03-01 10:03:43.645271,98,2757,8.66,1000000000
GARAN,2017-03-01 10:03:54.316170,98,2759,8.66,1000000000
GARAN,2017-03-01 10:04:04.987070,98,2761,8.66,1000000000
GARAN,2017-03-01 10:04:15.657969,98,2763,8.66,1000000000
GARAN,2017-03-01 10:04:36.999768,98,2767,8.66,1000000000
GARAN,2017-03-01 10:04:47.670667,98,2769,8.66,1000000000
GARAN,2017-03-01 10:04:58.341567,98,2771,8.66,1000000000
GARAN,2017-03-01 10:05:09.012466,98,2773,8.66,1000000000
GARAN,2017-03-01 10:05:19.683365,98,2775,8.66,1000000000
GARAN,2017-03-01 10:05:30.354265,98,2777,8.66,1000000000
GARAN,2017-03-01 10:05:41.025164,98,2779,8.66,1000000000
GARAN,2017-03-01 10:05:51.696063,98,2781,8.66,1000000000
GARAN,2017-03-01 10:06:02.366963,98,2783,8.66,1000000000
GARAN,2017-03-01 10:06:13.037862,98,2785,8.66,1000000000
GARAN,2017-03-01 10:06:34.379661,98,2789,8.66,1000000000
GARAN,2017-03-01 10:06:45.050560,98,2791,8.66,1000000000
GARAN,2017-03-01 10:06:55.721460,98,2793,8.66,1000000000
GARAN,2017-03-01 10:07:06.392359,98,2795,8.66,1000000000
GARAN,2017-03-01 10:07:17.063258,98,2797,8.66,1000000000
GARAN,2017-03-01 10:07:27.734158,98,2800,8.66,1000000000
GARAN,2017-03-01 10:07:38.405057,98,2802,8.66,1000000000
GARAN,2017-03-01 10:07:49.075957,98,2804,8.66,1000000000
GARAN,2017-03-01 10:07:59.746856,98,2806,8.66,1000000000
GARAN,2017-03-01 10:08:10.417755,98,2808,8.66,1000000000
GARAN,2017-03-01 10:08:21.088655,98,2810,8.66,1000000000
GARAN,2017-03-01 10:08:31.759554,98,2812,8.66,1000000000
GARAN,2017-03-01 10:08:42.430453,98,2816,8.66,1000000000
GARAN,2017-03-01 10:08:53.101353,98,2818,8.66,1000000000
GARAN,2017-03-01 10:09:03.772252,98,2820,8.66,1000000000
GARAN,2017-03-01 10:09:14.443151,98,2823,8.66,1000000000
GARAN,2017-03-01 10:09:25.114051,98,2825,8.66,1000000000
GARAN,2017-03-01 10:09:35.784950,98,2829,8.66,1000000000
GARAN,2017-03-01 10:10:07.797648,98,2837,8.66,1000000000
GARAN,2017-03-01 10:10:18.468548,98,2839,8.66,1000000000
GARAN,2017-03-01 10:10:29.139447,98,2841,8.66,1000000000
GARAN,2017-03-01 10:10:39.810346,98,2844,8.66,1000000000
GARAN,2017-03-01 10:10:50.481246,98,2847,8.66,1000000000
GARAN,2017-03-01 10:11:01.152145,98,2849,8.66,1000000000
GARAN,2017-03-01 10:11:11.823045,98,2852,8.66,1000000000
GARAN,2017-03-01 10:11:22.493944,98,3795,8.67,1000000000
GARAN,2017-03-01 10:11:33.164843,98,3853,8.67,1000000000
GARAN,2017-03-01 10:11:54.506642,98,3906,8.67,1000000000
GARAN,2017-03-01 10:12:05.177541,98,4114,8.67,1000000000
GARAN,2017-03-01 10:12:15.848441,98,4115,8.67,1000000000
GARAN,2017-03-01 10:12:37.190239,98,4117,8.67,1000000000
GARAN,2017-03-01 10:12:47.861139,98,4118,8.67,1000000000
GARAN,2017-03-01 10:12:58.532038,98,4119,8.67,1000000000
GARAN,2017-03-01 10:13:19.873837,98,4121,8.67,1000000000
GARAN,2017-03-01 10:13:41.215636,98,4123,8.67,1000000000
GARAN,2017-03-01 10:13:51.886535,98,4124,8.67,1000000000
GARAN,2017-03-01 10:14:02.557434,98,4125,8.67,1000000000
GARAN,2017-03-01 10:14:13.228334,98,4126,8.67,1000000000
GARAN,2017-03-01 10:14:34.570132,98,4128,8.67,1000000000
GARAN,2017-03-01 10:14:45.241032,98,4129,8.67,1000000000
GARAN,2017-03-01 10:14:55.911931,98,4130,8.67,1000000000
GARAN,2017-03-01 10:15:06.582831,98,4131,8.67,1000000000
GARAN,2017-03-01 10:15:17.253730,98,4132,8.67,1000000000
GARAN,2017-03-01 10:15:27.924629,98,4336,8.67,1000000000
GARAN,2017-03-01 10:15:38.595529,98,4337,8.67,1000000000
GARAN,2017-03-01 10:15:49.266428,98,4338,8.67,1000000000
GARAN,2017-03-01 10:16:10.608227,98,4340,8.67,1000000000
GARAN,2017-03-01 10:19:22.684415,98,5035,8.67,1000000000
GARAN,2017-03-01 10:19:33.355315,98,5036,8.67,1000000000
GARAN,2017-03-01 10:19:44.026214,98,5109,8.67,1000000000
GARAN,2017-03-01 10:19:54.697113,98,5110,8.67,1000000000
GARAN,2017-03-01 10:20:05.368013,98,5164,8.67,1000000000
GARAN,2017-03-01 10:20:37.380711,98,5341,8.67,1000000000
GARAN,2017-03-01 10:20:48.051610,98,5613,8.67,1000000000
GARAN,2017-03-01 10:21:30.735208,98,5806,8.67,1000000000
GARAN,2017-03-01 10:21:52.077007,98,5808,8.67,1000000000
GARAN,2017-03-01 10:22:02.747906,98,5809,8.67,1000000000
GARAN,2017-03-01 10:22:13.418805,98,5922,8.67,1000000000
GARAN,2017-03-01 10:22:24.089705,98,6029,8.67,1000000000
GARAN,2017-03-01 10:22:34.760604,98,6030,8.67,1000000000
GARAN,2017-03-01 10:22:45.431503,98,6031,8.67,1000000000
GARAN,2017-03-01 10:22:56.102403,98,6032,8.67,1000000000
GARAN,2017-03-01 10:23:06.773302,98,6033,8.67,1000000000
GARAN,2017-03-01 10:23:28.115101,98,6035,8.67,1000000000
GARAN,2017-03-01 10:23:38.786000,98,6036,8.67,1000000000
GARAN,2017-03-01 10:24:32.140497,98,6276,8.68,1000000000
GARAN,2017-03-01 10:25:46.836793,98,6568,8.68,1000000000
GARAN,2017-03-01 10:26:29.520390,98,6784,8.67,1000000000
GARAN,2017-03-01 10:26:40.191289,98,6797,8.67,1000000000
GARAN,2017-03-01 10:26:50.862189,98,7123,8.67,1000000000
GARAN,2017-03-01 10:27:01.533088,98,7160,8.67,1000000000
GARAN,2017-03-01 10:27:12.203988,98,7301,8.67,1000000000
GARAN,2017-03-01 10:27:22.874887,98,7418,8.67,1000000000
GARAN,2017-03-01 10:27:33.545786,98,7558,8.67,1000000000
GARAN,2017-03-01 10:27:44.216686,98,7559,8.67,1000000000
GARAN,2017-03-01 10:27:54.887585,98,7560,8.67,1000000000
GARAN,2017-03-01 10:28:05.558484,98,7561,8.67,1000000000
GARAN,2017-03-01 10:28:16.229384,98,7562,8.67,1000000000
GARAN,2017-03-01 10:28:26.900283,98,7563,8.67,1000000000
GARAN,2017-03-01 10:28:37.571182,98,7564,8.67,1000000000
GARAN,2017-03-01 10:28:48.242082,98,7833,8.67,1000000000
GARAN,2017-03-01 10:28:58.912981,98,7834,8.67,1000000000
GARAN,2017-03-01 10:29:09.583881,98,7835,8.67,1000000000
GARAN,2017-03-01 10:29:20.254780,98,7836,8.67,1000000000
GARAN,2017-03-01 10:29:30.925679,98,7837,8.67,1000000000
GARAN,2017-03-01 10:29:52.267478,98,7839,8.67,1000000000
GARAN,2017-03-01 10:30:02.938377,98,7840,8.67,1000000000
GARAN,2017-03-01 10:30:13.609277,98,7841,8.67,1000000000
GARAN,2017-03-01 10:30:24.280176,98,7842,8.67,1000000000
GARAN,2017-03-01 10:30:34.951076,98,7843,8.67,1000000000
GARAN,2017-03-01 10:30:45.621975,98,7844,8.67,1000000000
GARAN,2017-03-01 10:33:15.014566,98,8284,8.67,1000000000
GARAN,2017-03-01 10:33:25.685465,98,8363,8.67,1000000000
GARAN,2017-03-01 10:33:36.356365,98,8364,8.67,1000000000
GARAN,2017-03-01 10:33:47.027264,98,8366,8.67,1000000000
GARAN,2017-03-01 10:33:57.698163,98,8383,8.67,1000000000
GARAN,2017-03-01 10:34:08.369063,98,8384,8.67,1000000000
GARAN,2017-03-01 10:34:19.039962,98,8385,8.67,1000000000
GARAN,2017-03-01 10:34:29.710862,98,8386,8.67,1000000000
GARAN,2017-03-01 10:35:44.407157,98,8846,8.67,1000000000
GARAN,2017-03-01 10:35:55.078057,98,8893,8.67,1000000000
GARAN,2017-03-01 10:36:05.748956,98,9076,8.67,1000000000
GARAN,2017-03-01 10:36:16.419855,98,9500,8.67,1000000000
GARAN,2017-03-01 10:36:37.761654,98,10301,8.67,1000000000
GARAN,2017-03-01 10:36:48.432553,98,10515,8.67,1000000000
GARAN,2017-03-01 10:37:52.457950,98,11817,8.67,1000000000
GARAN,2017-03-01 10:38:03.128849,98,12783,8.67,1000000000
GARAN,2017-03-01 10:38:13.799748,98,13299,8.67,1000000000
GARAN,2017-03-01 10:38:45.812446,98,13441,8.67,1000000000
GARAN,2017-03-01 10:38:56.483346,98,13970,8.67,1000000000
GARAN,2017-03-01 10:39:07.154245,98,14111,8.67,1000000000
GARAN,2017-03-01 10:46:03.319320,98,15416,8.66,1000000000
GARAN,2017-03-01 10:46:13.990220,98,15592,8.66,1000000000
GARAN,2017-03-01 10:46:24.661119,98,15612,8.66,1000000000
GARAN,2017-03-01 10:46:35.332019,98,16084,8.66,1000000000
GARAN,2017-03-01 10:46:46.002918,98,16085,8.66,1000000000
GARAN,2017-03-01 10:46:56.673817,98,16086,8.66,1000000000
GARAN,2017-03-01 10:47:07.344717,98,16087,8.66,1000000000
GARAN,2017-03-01 10:47:18.015616,98,16088,8.66,1000000000
GARAN,2017-03-01 10:47:28.686515,98,16089,8.66,1000000000
GARAN,2017-03-01 10:47:39.357415,98,16090,8.66,1000000000
GARAN,2017-03-01 10:47:50.028314,98,16091,8.66,1000000000
GARAN,2017-03-01 10:48:00.699213,98,16092,8.66,1000000000
GARAN,2017-03-01 11:12:11.941527,98,16228,8.66,1000000000
GARAN,2017-03-01 11:12:22.612427,98,16229,8.66,1000000000
GARAN,2017-03-01 11:12:33.283326,98,16230,8.66,1000000000
GARAN,2017-03-01 11:12:43.954226,98,16231,8.66,1000000000
GARAN,2017-03-01 11:12:54.625125,98,16232,8.66,1000000000
GARAN,2017-03-01 11:13:05.296024,98,16233,8.66,1000000000
GARAN,2017-03-01 11:13:15.966924,98,16234,8.66,1000000000
GARAN,2017-03-01 11:13:26.637823,98,16399,8.66,1000000000
GARAN,2017-03-01 11:13:37.308722,98,16447,8.66,1000000000
GARAN,2017-03-01 11:13:58.650521,98,16591,8.66,1000000000
GARAN,2017-03-01 11:14:09.321420,98,16786,8.66,1000000000
GARAN,2017-03-01 11:14:19.992320,98,16818,8.66,1000000000
GARAN,2017-03-01 11:14:30.663219,98,16983,8.66,1000000000
GARAN,2017-03-01 11:14:41.334119,98,17298,8.66,1000000000
GARAN,2017-03-01 11:14:52.005018,98,17420,8.66,1000000000
GARAN,2017-03-01 11:15:02.675917,98,17530,8.66,1000000000
GARAN,2017-03-01 11:15:34.688615,98,18849,8.66,1000000000
GARAN,2017-03-01 11:15:45.359515,98,18850,8.66,1000000000
GARAN,2017-03-01 11:43:19.348917,98,20535,8.65,1000000000
GARAN,2017-03-01 11:43:30.019816,98,20536,8.65,1000000000
GARAN,2017-03-01 11:43:40.690715,98,20537,8.65,1000000000
GARAN,2017-03-01 11:43:51.361615,98,20538,8.65,1000000000
GARAN,2017-03-01 11:44:02.032514,98,20539,8.65,1000000000
GARAN,2017-03-01 11:44:34.045212,98,20974,8.65,1000000000
GARAN,2017-03-01 11:44:44.716112,98,20975,8.65,1000000000
GARAN,2017-03-01 11:44:55.387011,98,20976,8.65,1000000000
GARAN,2017-03-01 11:45:06.057910,98,20977,8.65,1000000000
GARAN,2017-03-01 11:45:16.728810,98,20978,8.65,1000000000
GARAN,2017-03-01 11:45:48.741508,98,21294,8.66,1000000000
GARAN,2017-03-01 11:46:52.766904,98,21734,8.65,1000000000
GARAN,2017-03-01 11:47:03.437803,98,21753,8.65,1000000000
GARAN,2017-03-01 11:47:14.108703,98,21754,8.65,1000000000
GARAN,2017-03-01 11:47:24.779602,98,21755,8.65,1000000000
GARAN,2017-03-01 11:47:35.450501,98,21786,8.65,1000000000
GARAN,2017-03-01 11:47:46.121401,98,21875,8.65,1000000000
GARAN,2017-03-01 11:50:26.184891,98,22960,8.66,1000000000
GARAN,2017-03-01 11:51:19.539388,98,23845,8.66,1000000000
GARAN,2017-03-01 11:51:40.881187,98,24719,8.66,1000000000
GARAN,2017-03-01 11:52:02.222986,98,26796,8.66,1000000000
GARAN,2017-03-01 11:52:12.893885,98,26797,8.66,1000000000
GARAN,2017-03-01 11:52:23.564784,98,26799,8.66,1000000000
GARAN,2017-03-01 11:52:44.906583,98,27298,8.66,1000000000
GARAN,2017-03-01 11:53:06.248382,98,27768,8.66,1000000000
GARAN,2017-03-01 11:53:16.919281,98,28836,8.66,1000000000
GARAN,2017-03-01 11:53:27.590181,98,29231,8.66,1000000000
GARAN,2017-03-01 11:54:31.615577,98,33869,8.66,1000000000
GARAN,2017-03-01 11:54:42.286476,98,35304,8.66,1000000000
GARAN,2017-03-01 11:55:03.628275,98,35920,8.66,1000000000
GARAN,2017-03-01 11:56:07.653671,98,38608,8.66,1000000000
GARAN,2017-03-01 11:56:28.995470,98,39309,8.66,1000000000
GARAN,2017-03-01 11:56:50.337269,98,40843,8.66,1000000000
GARAN,2017-03-01 11:57:01.008168,98,40913,8.66,1000000000
GARAN,2017-03-01 11:57:33.020866,98,42585,8.66,1000000000
GARAN,2017-03-01 11:57:43.691765,98,42586,8.66,1000000000
GARAN,2017-03-01 11:57:54.362665,98,42587,8.66,1000000000
GARAN,2017-03-01 11:58:05.033564,98,42588,8.66,1000000000
GARAN,2017-03-01 11:58:15.704463,98,42589,8.66,1000000000
GARAN,2017-03-01 11:58:26.375363,98,42590,8.66,1000000000
GARAN,2017-03-01 11:58:37.046262,98,42591,8.66,1000000000
GARAN,2017-03-01 11:58:47.717162,98,42592,8.66,1000000000
GARAN,2017-03-01 11:58:58.388061,98,42594,8.66,1000000000
GARAN,2017-03-01 11:59:09.058960,98,42596,8.66,1000000000
GARAN,2017-03-01 11:59:19.729860,98,42598,8.66,1000000000
GARAN,2017-03-01 11:59:30.400759,98,42599,8.66,1000000000
GARAN,2017-03-01 11:59:51.742558,98,42601,8.66,1000000000
GARAN,2017-03-01 12:00:02.413457,98,42602,8.66,1000000000
GARAN,2017-03-01 12:00:13.084357,98,42603,8.66,1000000000
GARAN,2017-03-01 12:00:23.755256,98,42604,8.66,1000000000
GARAN,2017-03-01 12:00:34.426155,98,42605,8.66,1000000000
GARAN,2017-03-01 12:00:45.097055,98,42606,8.66,1000000000
GARAN,2017-03-01 12:00:55.767954,98,42607,8.66,1000000000
GARAN,2017-03-01 12:01:27.780652,98,42610,8.66,1000000000
GARAN,2017-03-01 12:01:38.451551,98,42611,8.66,1000000000
GARAN,2017-03-01 12:01:49.122451,98,42612,8.66,1000000000
GARAN,2017-03-01 12:01:59.793350,98,42613,8.66,1000000000
GARAN,2017-03-01 12:02:21.135149,98,42615,8.66,1000000000
GARAN,2017-03-01 12:02:31.806048,98,42616,8.66,1000000000
GARAN,2017-03-01 12:02:42.476948,98,42617,8.66,1000000000
GARAN,2017-03-01 12:02:53.147847,98,42618,8.66,1000000000
GARAN,2017-03-01 12:03:03.818746,98,42619,8.66,1000000000
GARAN,2017-03-01 12:03:14.489646,98,42620,8.66,1000000000
GARAN,2017-03-01 12:03:25.160545,98,42621,8.66,1000000000
GARAN,2017-03-01 12:03:35.831444,98,42622,8.66,1000000000
GARAN,2017-03-01 12:03:46.502344,98,42623,8.66,1000000000
GARAN,2017-03-01 12:03:57.173243,98,42624,8.66,1000000000
GARAN,2017-03-01 12:04:07.844143,98,42625,8.66,1000000000
GARAN,2017-03-01 12:04:29.185941,98,42627,8.66,1000000000
GARAN,2017-03-01 12:04:39.856841,98,42628,8.66,1000000000
GARAN,2017-03-01 12:04:50.527740,98,42629,8.66,1000000000
GARAN,2017-03-01 12:05:01.198639,98,42630,8.66,1000000000
GARAN,2017-03-01 12:05:11.869539,98,42631,8.66,1000000000
GARAN,2017-03-01 12:05:22.540438,98,42632,8.66,1000000000
GARAN,2017-03-01 12:05:33.211338,98,42633,8.66,1000000000
GARAN,2017-03-01 12:05:43.882237,98,42634,8.66,1000000000
GARAN,2017-03-01 12:05:54.553136,98,42635,8.66,1000000000
GARAN,2017-03-01 12:06:05.224036,98,42636,8.66,1000000000
GARAN,2017-03-01 12:06:26.565834,98,42639,8.66,1000000000
GARAN,2017-03-01 12:06:37.236734,98,42640,8.66,1000000000
GARAN,2017-03-01 12:06:47.907633,98,42660,8.66,1000000000
GARAN,2017-03-01 12:06:58.578532,98,42663,8.66,1000000000
GARAN,2017-03-01 12:07:19.920331,98,43210,8.67,1000000000
GARAN,2017-03-01 12:07:30.591231,98,43211,8.67,1000000000
GARAN,2017-03-01 12:07:41.262130,98,43212,8.67,1000000000
GARAN,2017-03-01 12:07:51.933029,98,43213,8.67,1000000000
GARAN,2017-03-01 12:08:02.603929,98,43214,8.67,1000000000
GARAN,2017-03-01 12:08:13.274828,98,43215,8.67,1000000000
GARAN,2017-03-01 12:08:23.945727,98,43216,8.67,1000000000
GARAN,2017-03-01 12:08:34.616627,98,43217,8.67,1000000000
GARAN,2017-03-01 12:09:38.642023,98,43601,8.67,1000000000
GARAN,2017-03-01 12:09:49.312922,98,43602,8.67,1000000000
GARAN,2017-03-01 12:09:59.983822,98,43603,8.67,1000000000
GARAN,2017-03-01 12:10:53.338319,98,45328,8.67,1000000000
GARAN,2017-03-01 12:11:04.009218,98,46199,8.67,1000000000
GARAN,2017-03-01 12:11:14.680117,98,46200,8.67,1000000000
GARAN,2017-03-01 12:11:25.351017,98,46345,8.67,1000000000
GARAN,2017-03-01 12:11:36.021916,98,46346,8.67,1000000000
GARAN,2017-03-01 12:11:46.692815,98,46347,8.67,1000000000
GARAN,2017-03-01 12:11:57.363715,98,46348,8.67,1000000000
GARAN,2017-03-01 12:12:08.034614,98,46349,8.67,1000000000
GARAN,2017-03-01 12:12:29.376413,98,46351,8.67,1000000000
GARAN,2017-03-01 12:12:40.047312,98,46352,8.67,1000000000
GARAN,2017-03-01 12:12:50.718212,98,46353,8.67,1000000000
GARAN,2017-03-01 12:13:01.389111,98,46354,8.67,1000000000
GARAN,2017-03-01 12:13:12.060010,98,46355,8.67,1000000000
GARAN,2017-03-01 12:13:22.730910,98,46356,8.67,1000000000
GARAN,2017-03-01 12:13:33.401809,98,46357,8.67,1000000000
GARAN,2017-03-01 12:13:44.072708,98,46358,8.67,1000000000
GARAN,2017-03-01 12:13:54.743608,98,46360,8.67,1000000000
GARAN,2017-03-01 12:14:05.414507,98,46361,8.67,1000000000
GARAN,2017-03-01 12:14:16.085407,98,46362,8.67,1000000000
GARAN,2017-03-01 12:14:26.756306,98,46363,8.67,1000000000
GARAN,2017-03-01 12:14:37.427205,98,46364,8.67,1000000000
GARAN,2017-03-01 12:14:48.098105,98,46432,8.67,1000000000
GARAN,2017-03-01 12:15:09.439903,98,46434,8.67,1000000000
GARAN,2017-03-01 12:15:20.110803,98,46435,8.67,1000000000
GARAN,2017-03-01 12:15:30.781702,98,46436,8.67,1000000000
GARAN,2017-03-01 12:15:41.452601,98,46437,8.67,1000000000
GARAN,2017-03-01 12:15:52.123501,98,46438,8.67,1000000000
GARAN,2017-03-01 12:16:02.794400,98,46439,8.67,1000000000
GARAN,2017-03-01 12:16:13.465300,98,46440,8.67,1000000000
GARAN,2017-03-01 12:16:24.136199,98,46441,8.67,1000000000
GARAN,2017-03-01 12:16:34.807098,98,46442,8.67,1000000000
GARAN,2017-03-01 12:16:45.477998,98,46443,8.67,1000000000
GARAN,2017-03-01 12:16:56.148897,98,46472,8.67,1000000000
GARAN,2017-03-01 12:17:06.819796,98,46473,8.67,1000000000
GARAN,2017-03-01 12:17:17.490696,98,46479,8.67,1000000000
GARAN,2017-03-01 12:17:28.161595,98,46480,8.67,1000000000
GARAN,2017-03-01 12:17:38.832494,98,46481,8.67,1000000000
GARAN,2017-03-01 12:17:49.503394,98,46482,8.67,1000000000
GARAN,2017-03-01 12:18:00.174293,98,46483,8.67,1000000000
GARAN,2017-03-01 12:18:10.845193,98,46484,8.67,1000000000
GARAN,2017-03-01 12:18:21.516092,98,46485,8.67,1000000000
GARAN,2017-03-01 12:18:32.186991,98,46486,8.67,1000000000
GARAN,2017-03-01 12:18:42.857891,98,46487,8.67,1000000000
GARAN,2017-03-01 12:18:53.528790,98,46517,8.67,1000000000
GARAN,2017-03-01 12:19:25.541488,98,47309,8.67,1000000000
GARAN,2017-03-01 12:19:36.212388,98,47770,8.67,1000000000
GARAN,2017-03-01 12:19:46.883287,98,47880,8.67,1000000000
GARAN,2017-03-01 12:19:57.554186,98,47881,8.67,1000000000
GARAN,2017-03-01 12:20:08.225086,98,47882,8.67,1000000000
GARAN,2017-03-01 12:22:16.275878,98,48929,8.67,1000000000
GARAN,2017-03-01 12:24:24.326670,98,49788,8.67,1000000000
GARAN,2017-03-01 12:25:07.010268,98,50111,8.67,1000000000
GARAN,2017-03-01 12:25:17.681167,98,50316,8.67,1000000000
GARAN,2017-03-01 12:25:49.693865,98,50934,8.67,1000000000
GARAN,2017-03-01 12:26:00.364765,98,51075,8.67,1000000000
GARAN,2017-03-01 12:26:21.706563,98,51723,8.67,1000000000
GARAN,2017-03-01 12:28:40.428255,98,53694,8.67,1000000000
GARAN,2017-03-01 12:28:51.099155,98,53695,8.67,1000000000
GARAN,2017-03-01 12:29:01.770054,98,53696,8.67,1000000000
GARAN,2017-03-01 12:29:12.440953,98,53697,8.67,1000000000
GARAN,2017-03-01 12:29:23.111853,98,53698,8.67,1000000000
GARAN,2017-03-01 12:29:33.782752,98,53699,8.67,1000000000
GARAN,2017-03-01 12:29:44.453651,98,53700,8.67,1000000000
GARAN,2017-03-01 12:29:55.124551,98,53701,8.67,1000000000
GARAN,2017-03-01 12:30:05.795450,98,53702,8.67,1000000000
GARAN,2017-03-01 12:30:16.466350,98,53703,8.67,1000000000
GARAN,2017-03-01 12:30:27.137249,98,53704,8.67,1000000000
GARAN,2017-03-01 12:30:37.808148,98,53705,8.67,1000000000
GARAN,2017-03-01 12:30:48.479048,98,53706,8.67,1000000000
GARAN,2017-03-01 12:30:59.149947,98,53707,8.67,1000000000
GARAN,2017-03-01 12:31:09.820846,98,53708,8.67,1000000000
GARAN,2017-03-01 12:31:20.491746,98,53709,8.67,1000000000
GARAN,2017-03-01 12:31:31.162645,98,53767,8.67,1000000000
GARAN,2017-03-01 12:33:07.200739,98,53846,8.67,1000000000
GARAN,2017-03-01 12:33:28.542538,98,53848,8.67,1000000000
GARAN,2017-03-01 12:33:39.213438,98,53878,8.67,1000000000
GARAN,2017-03-01 12:33:49.884337,98,53879,8.67,1000000000
GARAN,2017-03-01 12:34:00.555236,98,53880,8.67,1000000000
GARAN,2017-03-01 12:34:11.226136,98,53881,8.67,1000000000
GARAN,2017-03-01 12:34:21.897035,98,53882,8.67,1000000000
GARAN,2017-03-01 12:34:32.567934,98,53883,8.67,1000000000
GARAN,2017-03-01 12:34:43.238834,98,53884,8.67,1000000000
GARAN,2017-03-01 12:34:53.909733,98,53885,8.67,1000000000
GARAN,2017-03-01 12:35:04.580632,98,53886,8.67,1000000000
GARAN,2017-03-01 12:40:03.365815,98,55631,8.66,1000000000
GARAN,2017-03-01 12:40:14.036714,98,55632,8.66,1000000000
GARAN,2017-03-01 12:40:24.707613,98,55633,8.66,1000000000
GARAN,2017-03-01 12:40:35.378513,98,55657,8.66,1000000000
GARAN,2017-03-01 12:41:18.062110,98,56021,8.66,1000000000
GARAN,2017-03-01 12:41:28.733010,98,56022,8.66,1000000000
GARAN,2017-03-01 12:42:11.416607,98,56849,8.66,1000000000
GARAN,2017-03-01 12:42:22.087507,98,56850,8.66,1000000000
GARAN,2017-03-01 12:42:32.758406,98,56851,8.66,1000000000
GARAN,2017-03-01 12:42:43.429305,98,56852,8.66,1000000000
GARAN,2017-03-01 12:42:54.100205,98,56853,8.66,1000000000
GARAN,2017-03-01 12:43:04.771104,98,56854,8.66,1000000000
GARAN,2017-03-01 12:43:15.442003,98,56855,8.66,1000000000
GARAN,2017-03-01 12:43:26.112903,98,56856,8.66,1000000000
GARAN,2017-03-01 12:43:36.783802,98,56857,8.66,1000000000
GARAN,2017-03-01 12:43:47.454701,98,56858,8.66,1000000000
GARAN,2017-03-01 12:43:58.125601,98,56859,8.66,1000000000
GARAN,2017-03-01 12:44:08.796500,98,56860,8.66,1000000000
GARAN,2017-03-01 12:44:19.467400,98,56861,8.66,1000000000
GARAN,2017-03-01 12:45:23.492796,98,57047,8.66,1000000000
GARAN,2017-03-01 12:45:34.163695,98,57048,8.66,1000000000
GARAN,2017-03-01 12:45:44.834594,98,57072,8.66,1000000000
GARAN,2017-03-01 12:45:55.505494,98,57073,8.66,1000000000
GARAN,2017-03-01 12:48:24.898085,98,58841,8.67,1000000000
GARAN,2017-03-01 12:48:35.568984,98,58842,8.67,1000000000
GARAN,2017-03-01 12:50:22.277978,98,59336,8.67,1000000000
GARAN,2017-03-01 12:51:26.303374,98,59692,8.67,1000000000
GARAN,2017-03-01 12:51:36.974274,98,60237,8.67,1000000000
GARAN,2017-03-01 12:52:08.986972,98,61134,8.67,1000000000
GARAN,2017-03-01 12:52:51.670569,98,61720,8.67,1000000000
GARAN,2017-03-01 12:53:02.341469,98,61824,8.67,1000000000
GARAN,2017-03-01 12:53:13.012368,98,62114,8.67,1000000000
GARAN,2017-03-01 12:56:35.759456,98,63576,8.66,1000000000
GARAN,2017-03-01 12:56:46.430355,98,63664,8.66,1000000000
GARAN,2017-03-01 12:58:22.468450,98,63875,8.66,1000000000
GARAN,2017-03-01 12:58:43.810248,98,63998,8.66,1000000000
GARAN,2017-03-01 12:58:54.481148,98,63999,8.66,1000000000
GARAN,2017-03-01 12:59:05.152047,98,64000,8.66,1000000000
GARAN,2017-03-01 12:59:15.822946,98,64001,8.66,1000000000
GARAN,2017-03-01 12:59:26.493846,98,64002,8.66,1000000000
GARAN,2017-03-01 12:59:37.164745,98,64003,8.66,1000000000
GARAN,2017-03-01 12:59:47.835644,98,64004,8.66,1000000000
GARAN,2017-03-01 12:59:58.506544,98,64005,8.66,1000000000
GARAN,2017-03-01 13:00:09.177443,98,64006,8.66,1000000000
GARAN,2017-03-01 13:00:19.848343,98,64023,8.66,1000000000
GARAN,2017-03-01 13:00:30.519242,98,64024,8.66,1000000000
GARAN,2017-03-01 13:00:41.190141,98,64025,8.66,1000000000
GARAN,2017-03-01 13:00:51.861041,98,64026,8.66,1000000000
GARAN,2017-03-01 13:01:02.531940,98,64027,8.66,1000000000
GARAN,2017-03-01 13:01:45.215538,98,64212,8.66,1000000000
GARAN,2017-03-01 13:01:55.886437,98,64213,8.66,1000000000
GARAN,2017-03-01 13:02:06.557336,98,64214,8.66,1000000000
GARAN,2017-03-01 13:02:17.228236,98,64265,8.66,1000000000
GARAN,2017-03-01 13:02:27.899135,98,64802,8.66,1000000000
GARAN,2017-03-01 13:02:38.570034,98,64833,8.66,1000000000
GARAN,2017-03-01 13:02:49.240934,98,64854,8.66,1000000000
GARAN,2017-03-01 13:02:59.911833,98,64855,8.66,1000000000
GARAN,2017-03-01 13:03:10.582732,98,64856,8.66,1000000000
GARAN,2017-03-01 13:03:21.253632,98,64857,8.66,1000000000
GARAN,2017-03-01 13:03:31.924531,98,64858,8.66,1000000000
GARAN,2017-03-01 13:03:42.595431,98,64859,8.66,1000000000
GARAN,2017-03-01 13:03:53.266330,98,64860,8.66,1000000000
GARAN,2017-03-01 13:04:03.937229,98,64861,8.66,1000000000
GARAN,2017-03-01 13:06:44.000720,98,65588,8.66,1000000000
GARAN,2017-03-01 13:08:20.038814,98,66364,8.66,1000000000
GARAN,2017-03-01 13:09:13.393311,98,66512,8.66,1000000000
GARAN,2017-03-01 13:09:34.735110,98,66640,8.66,1000000000
GARAN,2017-03-01 13:09:45.406009,98,67010,8.66,1000000000
GARAN,2017-03-01 13:09:56.076908,98,67011,8.66,1000000000
GARAN,2017-03-01 13:10:06.747808,98,67012,8.66,1000000000
GARAN,2017-03-01 13:10:17.418707,98,67042,8.66,1000000000
GARAN,2017-03-01 13:10:28.089607,98,67051,8.66,1000000000
GARAN,2017-03-01 13:10:38.760506,98,67052,8.66,1000000000
GARAN,2017-03-01 13:10:49.431405,98,67053,8.66,1000000000
GARAN,2017-03-01 13:11:00.102305,98,67071,8.66,1000000000
GARAN,2017-03-01 13:11:10.773204,98,67072,8.66,1000000000
GARAN,2017-03-01 13:11:53.456801,98,67123,8.66,1000000000
GARAN,2017-03-01 13:12:57.482198,98,67250,8.66,1000000000
GARAN,2017-03-01 13:13:08.153097,98,67251,8.66,1000000000
GARAN,2017-03-01 13:13:18.823996,98,67253,8.66,1000000000
GARAN,2017-03-01 13:13:29.494896,98,67277,8.66,1000000000
GARAN,2017-03-01 13:13:40.165795,98,67278,8.66,1000000000
GARAN,2017-03-01 13:13:50.836694,98,67279,8.66,1000000000
GARAN,2017-03-01 13:14:01.507594,98,67280,8.66,1000000000
GARAN,2017-03-01 13:14:12.178493,98,67282,8.66,1000000000
GARAN,2017-03-01 13:17:24.254682,98,68411,8.66,1000000000
GARAN,2017-03-01 13:17:34.925581,98,68491,8.66,1000000000
GARAN,2017-03-01 13:17:45.596481,98,68810,8.66,1000000000
GARAN,2017-03-01 13:20:36.330870,98,69744,8.66,1000000000
GARAN,2017-03-01 13:30:01.888537,98,71040,8.65,1000000000
GARAN,2017-03-01 13:30:12.559436,98,71041,8.65,1000000000
GARAN,2017-03-01 13:31:16.584832,98,71249,8.65,1000000000
GARAN,2017-03-01 13:31:27.255732,98,71336,8.65,1000000000
GARAN,2017-03-01 13:31:37.926631,98,71340,8.65,1000000000
GARAN,2017-03-01 13:31:48.597531,98,71341,8.65,1000000000
GARAN,2017-03-01 13:31:59.268430,98,71342,8.65,1000000000
GARAN,2017-03-01 13:32:09.939329,98,71458,8.65,1000000000
GARAN,2017-03-01 13:34:07.319222,98,73648,8.65,1000000000
GARAN,2017-03-01 13:34:17.990122,98,73691,8.65,1000000000
GARAN,2017-03-01 13:34:50.002820,98,73866,8.65,1000000000
GARAN,2017-03-01 13:35:00.673719,98,73905,8.65,1000000000
GARAN,2017-03-01 13:35:11.344619,98,73906,8.65,1000000000
GARAN,2017-03-01 13:35:22.015518,98,73920,8.65,1000000000
GARAN,2017-03-01 13:35:54.028216,98,74038,8.65,1000000000
GARAN,2017-03-01 13:36:04.699115,98,74039,8.65,1000000000
GARAN,2017-03-01 13:36:15.370015,98,74074,8.65,1000000000
GARAN,2017-03-01 13:36:26.040914,98,74075,8.65,1000000000
GARAN,2017-03-01 13:36:47.382713,98,74165,8.65,1000000000
GARAN,2017-03-01 13:36:58.053612,98,74166,8.65,1000000000
GARAN,2017-03-01 13:37:08.724512,98,74167,8.65,1000000000
GARAN,2017-03-01 13:37:19.395411,98,74168,8.65,1000000000
GARAN,2017-03-01 13:37:30.066310,98,74169,8.65,1000000000
GARAN,2017-03-01 13:37:40.737210,98,74170,8.65,1000000000
GARAN,2017-03-01 13:37:51.408109,98,74205,8.65,1000000000
GARAN,2017-03-01 13:38:02.079008,98,74206,8.65,1000000000
GARAN,2017-03-01 13:38:12.749908,98,74207,8.65,1000000000
GARAN,2017-03-01 13:38:23.420807,98,74208,8.65,1000000000
GARAN,2017-03-01 13:38:34.091706,98,74209,8.65,1000000000
GARAN,2017-03-01 13:38:44.762606,98,74210,8.65,1000000000
GARAN,2017-03-01 13:38:55.433505,98,74255,8.65,1000000000
GARAN,2017-03-01 13:39:06.104405,98,74256,8.65,1000000000
GARAN,2017-03-01 13:39:16.775304,98,74257,8.65,1000000000
GARAN,2017-03-01 13:39:48.788002,98,74698,8.65,1000000000
GARAN,2017-03-01 13:40:10.129801,98,75423,8.65,1000000000
GARAN,2017-03-01 13:40:42.142499,98,75818,8.65,1000000000
GARAN,2017-03-01 13:41:03.484298,98,75993,8.65,1000000000
GARAN,2017-03-01 13:41:14.155197,98,75994,8.65,1000000000
GARAN,2017-03-01 13:41:24.826096,98,75995,8.65,1000000000
GARAN,2017-03-01 13:41:35.496996,98,75996,8.65,1000000000
GARAN,2017-03-01 13:41:46.167895,98,75997,8.65,1000000000
GARAN,2017-03-01 13:41:56.838794,98,75998,8.65,1000000000
GARAN,2017-03-01 13:42:07.509694,98,75999,8.65,1000000000
GARAN,2017-03-01 13:42:18.180593,98,76000,8.65,1000000000
GARAN,2017-03-01 13:43:22.205989,98,76808,8.66,1000000000
GARAN,2017-03-01 13:43:32.876889,98,76948,8.66,1000000000
GARAN,2017-03-01 13:44:15.560486,98,79395,8.66,1000000000
GARAN,2017-03-01 13:44:26.231386,98,79396,8.66,1000000000
GARAN,2017-03-01 13:44:36.902285,98,79397,8.66,1000000000
GARAN,2017-03-01 13:44:47.573184,98,79398,8.66,1000000000
GARAN,2017-03-01 13:44:58.244084,98,79399,8.66,1000000000
GARAN,2017-03-01 13:45:08.914983,98,79400,8.66,1000000000
GARAN,2017-03-01 13:45:19.585882,98,79401,8.66,1000000000
GARAN,2017-03-01 13:45:51.598581,98,81077,8.66,1000000000
GARAN,2017-03-01 13:46:02.269480,98,81148,8.66,1000000000
GARAN,2017-03-01 13:46:12.940379,98,81149,8.66,1000000000
GARAN,2017-03-01 13:46:34.282178,98,81151,8.66,1000000000
GARAN,2017-03-01 13:46:44.953077,98,81152,8.66,1000000000
GARAN,2017-03-01 13:47:06.294876,98,81154,8.66,1000000000
GARAN,2017-03-01 13:47:27.636675,98,81156,8.66,1000000000
GARAN,2017-03-01 13:47:38.307574,98,81158,8.66,1000000000
GARAN,2017-03-01 13:47:48.978474,98,81170,8.66,1000000000
GARAN,2017-03-01 13:47:59.649373,98,81171,8.66,1000000000
GARAN,2017-03-01 13:48:10.320272,98,81172,8.66,1000000000
GARAN,2017-03-01 13:48:31.662071,98,81192,8.66,1000000000
GARAN,2017-03-01 13:48:42.332970,98,81193,8.66,1000000000
GARAN,2017-03-01 13:48:53.003870,98,81212,8.66,1000000000
GARAN,2017-03-01 13:49:03.674769,98,81213,8.66,1000000000
GARAN,2017-03-01 13:49:14.345669,98,81215,8.66,1000000000
GARAN,2017-03-01 13:49:25.016568,98,81216,8.66,1000000000
GARAN,2017-03-01 13:49:35.687467,98,81217,8.66,1000000000
GARAN,2017-03-01 13:50:07.700165,98,81231,8.66,1000000000
GARAN,2017-03-01 13:50:18.371065,98,81241,8.66,1000000000
GARAN,2017-03-01 13:50:29.041964,98,81242,8.66,1000000000
GARAN,2017-03-01 13:50:39.712863,98,81250,8.66,1000000000
GARAN,2017-03-01 13:50:50.383763,98,81251,8.66,1000000000
GARAN,2017-03-01 13:51:01.054662,98,81252,8.66,1000000000
GARAN,2017-03-01 13:51:11.725562,98,81253,8.66,1000000000
GARAN,2017-03-01 13:51:22.396461,98,81254,8.66,1000000000
GARAN,2017-03-01 13:51:33.067360,98,81255,8.66,1000000000
GARAN,2017-03-01 13:51:43.738260,98,81256,8.66,1000000000
GARAN,2017-03-01 13:52:37.092756,98,81288,8.66,1000000000
GARAN,2017-03-01 13:52:47.763656,98,81289,8.66,1000000000
GARAN,2017-03-01 13:53:41.118153,98,82131,8.67,1000000000
GARAN,2017-03-01 13:54:02.459951,98,82227,8.67,1000000000
GARAN,2017-03-01 13:54:13.130851,98,82228,8.67,1000000000
GARAN,2017-03-01 13:54:23.801750,98,82229,8.67,1000000000
GARAN,2017-03-01 13:54:34.472650,98,82230,8.67,1000000000
GARAN,2017-03-01 13:54:55.814448,98,82232,8.67,1000000000
GARAN,2017-03-01 13:55:06.485348,98,82233,8.67,1000000000
GARAN,2017-03-01 13:55:17.156247,98,82234,8.67,1000000000
GARAN,2017-03-01 13:55:27.827146,98,82235,8.67,1000000000
GARAN,2017-03-01 13:55:38.498046,98,82236,8.67,1000000000
GARAN,2017-03-01 13:55:49.168945,98,82237,8.67,1000000000
GARAN,2017-03-01 13:55:59.839844,98,82238,8.67,1000000000
GARAN,2017-03-01 13:56:10.510744,98,82239,8.67,1000000000
GARAN,2017-03-01 13:56:21.181643,98,82240,8.67,1000000000
GARAN,2017-03-01 13:56:31.852543,98,82241,8.67,1000000000
GARAN,2017-03-01 13:56:42.523442,98,82242,8.67,1000000000
GARAN,2017-03-01 13:56:53.194341,98,82243,8.67,1000000000
GARAN,2017-03-01 13:57:03.865241,98,82244,8.67,1000000000
GARAN,2017-03-01 13:57:14.536140,98,82245,8.67,1000000000
GARAN,2017-03-01 13:57:25.207039,98,82246,8.67,1000000000
GARAN,2017-03-01 13:57:35.877939,98,82247,8.67,1000000000
GARAN,2017-03-01 13:57:46.548838,98,82248,8.67,1000000000
GARAN,2017-03-01 13:57:57.219738,98,82249,8.67,1000000000
GARAN,2017-03-01 13:58:07.890637,98,82250,8.67,1000000000
GARAN,2017-03-01 13:58:29.232436,98,82252,8.67,1000000000
GARAN,2017-03-01 13:58:39.903335,98,82253,8.67,1000000000
GARAN,2017-03-01 13:59:01.245134,98,82255,8.67,1000000000
GARAN,2017-03-01 13:59:54.599631,98,82808,8.68,1000000000
GARAN,2017-03-01 14:00:26.612329,98,83569,8.68,1000000000
GARAN,2017-03-01 14:00:37.283228,98,84018,8.68,1000000000
GARAN,2017-03-01 14:00:47.954127,98,84019,8.68,1000000000
GARAN,2017-03-01 14:01:09.295926,98,84021,8.68,1000000000
GARAN,2017-03-01 14:01:19.966825,98,84022,8.68,1000000000
GARAN,2017-03-01 14:01:30.637725,98,84023,8.68,1000000000
GARAN,2017-03-01 14:01:41.308624,98,84024,8.68,1000000000
GARAN,2017-03-01 14:01:51.979524,98,84025,8.68,1000000000
GARAN,2017-03-01 14:02:02.650423,98,84026,8.68,1000000000
GARAN,2017-03-01 14:02:13.321322,98,84027,8.68,1000000000
GARAN,2017-03-01 14:02:23.992222,98,84028,8.68,1000000000
GARAN,2017-03-01 14:02:34.663121,98,84029,8.68,1000000000
GARAN,2017-03-01 14:02:45.334020,98,84030,8.68,1000000000
GARAN,2017-03-01 14:03:28.017618,98,84909,8.68,1000000000
GARAN,2017-03-01 14:04:10.701215,98,85212,8.68,1000000000
GARAN,2017-03-01 14:04:32.043014,98,85637,8.68,1000000000
GARAN,2017-03-01 14:08:26.802800,98,86962,8.68,1000000000
GARAN,2017-03-01 14:09:30.828196,98,89236,8.68,1000000000
GARAN,2017-03-01 14:09:52.169995,98,89445,8.68,1000000000
GARAN,2017-03-01 14:10:02.840894,98,90055,8.68,1000000000
GARAN,2017-03-01 14:10:13.511794,98,90105,8.68,1000000000
GARAN,2017-03-01 14:11:06.866291,98,91302,8.68,1000000000
GARAN,2017-03-01 14:11:17.537190,98,91552,8.68,1000000000
GARAN,2017-03-01 14:11:28.208089,98,91694,8.68,1000000000
GARAN,2017-03-01 14:11:49.549888,98,92242,8.68,1000000000
GARAN,2017-03-01 14:12:21.562586,98,93050,8.68,1000000000
GARAN,2017-03-01 14:12:32.233486,98,93185,8.68,1000000000
GARAN,2017-03-01 14:12:42.904385,98,93186,8.68,1000000000
GARAN,2017-03-01 14:12:53.575284,98,93507,8.68,1000000000
GARAN,2017-03-01 14:13:04.246184,98,93508,8.68,1000000000
GARAN,2017-03-01 14:13:14.917083,98,93509,8.68,1000000000
GARAN,2017-03-01 14:13:25.587982,98,93510,8.68,1000000000
GARAN,2017-03-01 14:13:36.258882,98,93511,8.68,1000000000
GARAN,2017-03-01 14:13:46.929781,98,93512,8.68,1000000000
GARAN,2017-03-01 14:13:57.600681,98,93513,8.68,1000000000
GARAN,2017-03-01 14:14:08.271580,98,93514,8.68,1000000000
GARAN,2017-03-01 14:14:18.942479,98,93515,8.68,1000000000
GARAN,2017-03-01 14:14:40.284278,98,93517,8.68,1000000000
GARAN,2017-03-01 14:14:50.955177,98,93518,8.68,1000000000
GARAN,2017-03-01 14:15:01.626077,98,93519,8.68,1000000000
GARAN,2017-03-01 14:15:12.296976,98,93600,8.68,1000000000
GARAN,2017-03-01 14:15:22.967875,98,93684,8.68,1000000000
GARAN,2017-03-01 14:15:33.638775,98,93710,8.68,1000000000
GARAN,2017-03-01 14:16:05.651473,98,94280,8.68,1000000000
GARAN,2017-03-01 14:16:48.335070,98,94922,8.68,1000000000
GARAN,2017-03-01 14:16:59.005970,98,95164,8.68,1000000000
GARAN,2017-03-01 14:17:09.676869,98,95192,8.68,1000000000
GARAN,2017-03-01 14:17:31.018668,98,95194,8.68,1000000000
GARAN,2017-03-01 14:17:41.689567,98,95195,8.68,1000000000
GARAN,2017-03-01 14:17:52.360467,98,95196,8.68,1000000000
GARAN,2017-03-01 14:18:03.031366,98,95197,8.68,1000000000
GARAN,2017-03-01 14:18:24.373165,98,95879,8.68,1000000000
GARAN,2017-03-01 14:18:35.044064,98,95880,8.68,1000000000
GARAN,2017-03-01 14:18:56.385863,98,95882,8.68,1000000000
GARAN,2017-03-01 14:19:07.056762,98,95938,8.68,1000000000
GARAN,2017-03-01 14:19:17.727662,98,95939,8.68,1000000000
GARAN,2017-03-01 14:19:28.398561,98,95940,8.68,1000000000
GARAN,2017-03-01 14:19:49.740360,98,95942,8.68,1000000000
GARAN,2017-03-01 14:20:00.411259,98,95943,8.68,1000000000
GARAN,2017-03-01 14:20:11.082158,98,95944,8.68,1000000000
GARAN,2017-03-01 14:20:21.753058,98,95945,8.68,1000000000
GARAN,2017-03-01 14:20:32.423957,98,95946,8.68,1000000000
GARAN,2017-03-01 14:20:43.094856,98,95947,8.68,1000000000
GARAN,2017-03-01 14:21:04.436655,98,95978,8.68,1000000000
GARAN,2017-03-01 14:21:15.107555,98,95979,8.68,1000000000
GARAN,2017-03-01 14:21:25.778454,98,95980,8.68,1000000000
GARAN,2017-03-01 14:21:36.449353,98,95981,8.68,1000000000
GARAN,2017-03-01 14:21:57.791152,98,95983,8.68,1000000000
GARAN,2017-03-01 14:22:08.462051,98,95984,8.68,1000000000
GARAN,2017-03-01 14:22:19.132951,98,95985,8.68,1000000000
GARAN,2017-03-01 14:22:29.803850,98,95986,8.68,1000000000
GARAN,2017-03-01 14:22:40.474750,98,95987,8.68,1000000000
GARAN,2017-03-01 14:22:51.145649,98,95988,8.68,1000000000
GARAN,2017-03-01 14:23:01.816548,98,95989,8.68,1000000000
GARAN,2017-03-01 14:23:23.158347,98,96890,8.68,1000000000
GARAN,2017-03-01 14:23:44.500146,98,97375,8.68,1000000000
GARAN,2017-03-01 14:23:55.171045,98,97656,8.68,1000000000
GARAN,2017-03-01 14:24:05.841944,98,97726,8.68,1000000000
GARAN,2017-03-01 14:24:16.512844,98,98033,8.68,1000000000
GARAN,2017-03-01 14:24:27.183743,98,98034,8.68,1000000000
GARAN,2017-03-01 14:24:37.854643,98,98035,8.68,1000000000
GARAN,2017-03-01 14:24:48.525542,98,98036,8.68,1000000000
GARAN,2017-03-01 14:24:59.196441,98,98037,8.68,1000000000
GARAN,2017-03-01 14:25:09.867341,98,98074,8.68,1000000000
GARAN,2017-03-01 14:25:20.538240,98,98075,8.68,1000000000
GARAN,2017-03-01 14:25:31.209139,98,98076,8.68,1000000000
GARAN,2017-03-01 14:25:52.550938,98,98078,8.68,1000000000
GARAN,2017-03-01 14:26:03.221837,98,98079,8.68,1000000000
GARAN,2017-03-01 14:26:13.892737,98,98080,8.68,1000000000
GARAN,2017-03-01 14:26:24.563636,98,98081,8.68,1000000000
GARAN,2017-03-01 14:26:35.234536,98,98104,8.68,1000000000
GARAN,2017-03-01 14:26:45.905435,98,98147,8.68,1000000000
GARAN,2017-03-01 14:26:56.576334,98,98168,8.68,1000000000
GARAN,2017-03-01 14:27:07.247234,98,98182,8.68,1000000000
GARAN,2017-03-01 14:27:28.589032,98,98427,8.68,1000000000
GARAN,2017-03-01 14:27:39.259932,98,98455,8.68,1000000000
GARAN,2017-03-01 14:27:49.930831,98,98456,8.68,1000000000
GARAN,2017-03-01 14:28:00.601731,98,98457,8.68,1000000000
GARAN,2017-03-01 14:28:11.272630,98,98458,8.68,1000000000
GARAN,2017-03-01 14:28:21.943529,98,98459,8.68,1000000000
GARAN,2017-03-01 14:28:32.614429,98,98460,8.68,1000000000
GARAN,2017-03-01 14:28:43.285328,98,98461,8.68,1000000000
GARAN,2017-03-01 14:28:53.956227,98,98462,8.68,1000000000
GARAN,2017-03-01 14:29:04.627127,98,98463,8.68,1000000000
GARAN,2017-03-01 14:29:25.968925,98,98465,8.68,1000000000
GARAN,2017-03-01 14:29:36.639825,98,98466,8.68,1000000000
GARAN,2017-03-01 14:29:47.310724,98,98467,8.68,1000000000
GARAN,2017-03-01 14:29:57.981624,98,98468,8.68,1000000000
GARAN,2017-03-01 14:30:08.652523,98,98469,8.68,1000000000
GARAN,2017-03-01 14:30:19.323422,98,98470,8.68,1000000000
GARAN,2017-03-01 14:30:29.994322,98,98471,8.68,1000000000
GARAN,2017-03-01 14:30:40.665221,98,98472,8.68,1000000000
GARAN,2017-03-01 14:30:51.336120,98,98473,8.68,1000000000
GARAN,2017-03-01 14:31:02.007020,98,98474,8.68,1000000000
GARAN,2017-03-01 14:31:12.677919,98,98475,8.68,1000000000
GARAN,2017-03-01 14:31:23.348819,98,98476,8.68,1000000000
GARAN,2017-03-01 14:31:34.019718,98,98477,8.68,1000000000
GARAN,2017-03-01 14:31:44.690617,98,98478,8.68,1000000000
GARAN,2017-03-01 14:31:55.361517,98,98479,8.68,1000000000
GARAN,2017-03-01 14:32:06.032416,98,98480,8.68,1000000000
GARAN,2017-03-01 14:32:16.703315,98,98481,8.68,1000000000
GARAN,2017-03-01 14:32:27.374215,98,98482,8.68,1000000000
GARAN,2017-03-01 14:32:38.045114,98,98483,8.68,1000000000
GARAN,2017-03-01 14:32:48.716013,98,98484,8.68,1000000000
GARAN,2017-03-01 14:32:59.386913,98,98485,8.68,1000000000
GARAN,2017-03-01 14:33:10.057812,98,98486,8.68,1000000000
GARAN,2017-03-01 14:33:20.728712,98,98487,8.68,1000000000
GARAN,2017-03-01 14:33:31.399611,98,98488,8.68,1000000000
GARAN,2017-03-01 14:33:42.070510,98,98489,8.68,1000000000
GARAN,2017-03-01 14:33:52.741410,98,98490,8.68,1000000000
GARAN,2017-03-01 14:34:03.412309,98,98491,8.68,1000000000
GARAN,2017-03-01 14:34:14.083208,98,98492,8.68,1000000000
GARAN,2017-03-01 14:34:24.754108,98,98493,8.68,1000000000
GARAN,2017-03-01 14:34:35.425007,98,98494,8.68,1000000000
GARAN,2017-03-01 14:35:07.437705,98,98731,8.69,1000000000
GARAN,2017-03-01 14:35:28.779504,98,98762,8.69,1000000000
GARAN,2017-03-01 14:35:39.450403,98,98763,8.69,1000000000
GARAN,2017-03-01 14:36:00.792202,98,98765,8.69,1000000000
GARAN,2017-03-01 14:36:11.463101,98,98801,8.69,1000000000
GARAN,2017-03-01 14:36:22.134001,98,98834,8.69,1000000000
GARAN,2017-03-01 14:38:19.513894,98,100674,8.69,1000000000
GARAN,2017-03-01 14:38:30.184793,98,100675,8.69,1000000000
GARAN,2017-03-01 14:38:40.855693,98,100676,8.69,1000000000
GARAN,2017-03-01 14:38:51.526592,98,100677,8.69,1000000000
GARAN,2017-03-01 14:39:02.197491,98,100678,8.69,1000000000
GARAN,2017-03-01 14:39:12.868391,98,100709,8.69,1000000000
GARAN,2017-03-01 14:39:23.539290,98,100710,8.69,1000000000
GARAN,2017-03-01 14:39:34.210189,98,100711,8.69,1000000000
GARAN,2017-03-01 14:39:44.881089,98,100712,8.69,1000000000
GARAN,2017-03-01 14:39:55.551988,98,100713,8.69,1000000000
GARAN,2017-03-01 14:40:16.893787,98,100715,8.69,1000000000
GARAN,2017-03-01 14:40:27.564686,98,100716,8.69,1000000000
GARAN,2017-03-01 14:40:38.235586,98,100717,8.69,1000000000
GARAN,2017-03-01 14:40:48.906485,98,100723,8.69,1000000000
GARAN,2017-03-01 14:40:59.577384,98,100724,8.69,1000000000
GARAN,2017-03-01 14:41:31.590082,98,100727,8.69,1000000000
GARAN,2017-03-01 14:41:42.260982,98,100728,8.69,1000000000
GARAN,2017-03-01 14:41:52.931881,98,100729,8.69,1000000000
GARAN,2017-03-01 14:42:03.602781,98,100730,8.69,1000000000
GARAN,2017-03-01 14:42:14.273680,98,100731,8.69,1000000000
GARAN,2017-03-01 14:42:24.944579,98,100732,8.69,1000000000
GARAN,2017-03-01 14:42:35.615479,98,100733,8.69,1000000000
GARAN,2017-03-01 14:42:46.286378,98,100734,8.69,1000000000
GARAN,2017-03-01 14:42:56.957277,98,100735,8.69,1000000000
GARAN,2017-03-01 14:43:07.628177,98,100736,8.69,1000000000
GARAN,2017-03-01 14:43:18.299076,98,100737,8.69,1000000000
GARAN,2017-03-01 14:43:28.969975,98,100738,8.69,1000000000
GARAN,2017-03-01 14:43:39.640875,98,100739,8.69,1000000000
GARAN,2017-03-01 14:43:50.311774,98,100740,8.69,1000000000
GARAN,2017-03-01 14:44:00.982674,98,100741,8.69,1000000000
GARAN,2017-03-01 14:44:11.653573,98,100742,8.69,1000000000
GARAN,2017-03-01 14:44:22.324472,98,100743,8.69,1000000000
GARAN,2017-03-01 14:44:32.995372,98,100757,8.69,1000000000
GARAN,2017-03-01 14:44:43.666271,98,100758,8.69,1000000000
GARAN,2017-03-01 14:44:54.337170,98,100759,8.69,1000000000
GARAN,2017-03-01 14:45:05.008070,98,100760,8.69,1000000000
GARAN,2017-03-01 14:45:15.678969,98,100761,8.69,1000000000
GARAN,2017-03-01 14:45:26.349869,98,100762,8.69,1000000000
GARAN,2017-03-01 14:45:47.691667,98,100764,8.69,1000000000
GARAN,2017-03-01 14:45:58.362567,98,100803,8.69,1000000000
GARAN,2017-03-01 14:46:09.033466,98,100804,8.69,1000000000
GARAN,2017-03-01 14:46:19.704365,98,100805,8.69,1000000000
GARAN,2017-03-01 14:46:30.375265,98,100806,8.69,1000000000
GARAN,2017-03-01 14:46:41.046164,98,100807,8.69,1000000000
GARAN,2017-03-01 14:46:51.717063,98,100808,8.69,1000000000
GARAN,2017-03-01 14:47:02.387963,98,100809,8.69,1000000000
GARAN,2017-03-01 14:47:13.058862,98,100810,8.69,1000000000
GARAN,2017-03-01 14:47:23.729762,98,100814,8.69,1000000000
GARAN,2017-03-01 14:47:34.400661,98,100824,8.69,1000000000
GARAN,2017-03-01 14:47:45.071560,98,100929,8.69,1000000000
GARAN,2017-03-01 14:47:55.742460,98,100985,8.69,1000000000
GARAN,2017-03-01 14:48:17.084258,98,101092,8.69,1000000000
GARAN,2017-03-01 14:48:27.755158,98,101093,8.69,1000000000
GARAN,2017-03-01 14:48:38.426057,98,101225,8.69,1000000000
GARAN,2017-03-01 14:48:49.096956,98,101226,8.69,1000000000
GARAN,2017-03-01 14:48:59.767856,98,101227,8.69,1000000000
GARAN,2017-03-01 14:49:10.438755,98,101228,8.69,1000000000
GARAN,2017-03-01 14:49:21.109655,98,101229,8.69,1000000000
GARAN,2017-03-01 14:49:31.780554,98,101230,8.69,1000000000
GARAN,2017-03-01 14:49:42.451453,98,101231,8.69,1000000000
GARAN,2017-03-01 14:49:53.122353,98,101232,8.69,1000000000
GARAN,2017-03-01 14:50:14.464151,98,101234,8.69,1000000000
GARAN,2017-03-01 14:50:25.135051,98,101235,8.69,1000000000
GARAN,2017-03-01 14:50:35.805950,98,101236,8.69,1000000000
GARAN,2017-03-01 14:50:46.476850,98,101237,8.69,1000000000
GARAN,2017-03-01 14:51:07.818648,98,101239,8.69,1000000000
GARAN,2017-03-01 14:51:18.489548,98,101240,8.69,1000000000
GARAN,2017-03-01 14:51:29.160447,98,101241,8.69,1000000000
GARAN,2017-03-01 14:51:39.831346,98,101242,8.69,1000000000
GARAN,2017-03-01 14:51:50.502246,98,101243,8.69,1000000000
GARAN,2017-03-01 14:52:01.173145,98,101244,8.69,1000000000
GARAN,2017-03-01 14:52:11.844044,98,101245,8.69,1000000000
GARAN,2017-03-01 14:52:22.514944,98,101246,8.69,1000000000
GARAN,2017-03-01 14:52:33.185843,98,101247,8.69,1000000000
GARAN,2017-03-01 14:52:43.856743,98,101248,8.69,1000000000
GARAN,2017-03-01 14:52:54.527642,98,101249,8.69,1000000000
GARAN,2017-03-01 14:53:05.198541,98,101250,8.69,1000000000
GARAN,2017-03-01 14:53:15.869441,98,101251,8.69,1000000000
GARAN,2017-03-01 14:53:37.211239,98,101253,8.69,1000000000
GARAN,2017-03-01 14:53:47.882139,98,101254,8.69,1000000000
GARAN,2017-03-01 14:53:58.553038,98,101255,8.69,1000000000
GARAN,2017-03-01 14:54:09.223937,98,101256,8.69,1000000000
GARAN,2017-03-01 14:54:19.894837,98,101257,8.69,1000000000
GARAN,2017-03-01 14:54:30.565736,98,101262,8.7,1000000000
GARAN,2017-03-01 14:54:41.236636,98,101263,8.7,1000000000
GARAN,2017-03-01 14:54:51.907535,98,101264,8.7,1000000000
GARAN,2017-03-01 14:55:02.578434,98,101265,8.7,1000000000
GARAN,2017-03-01 14:55:13.249334,98,101266,8.7,1000000000
GARAN,2017-03-01 14:55:23.920233,98,101267,8.7,1000000000
GARAN,2017-03-01 14:55:34.591132,98,101268,8.7,1000000000
GARAN,2017-03-01 14:55:45.262032,98,101269,8.7,1000000000
GARAN,2017-03-01 14:55:55.932931,98,101270,8.7,1000000000
GARAN,2017-03-01 14:56:06.603831,98,101486,8.7,1000000000
GARAN,2017-03-01 14:56:17.274730,98,101638,8.7,1000000000
GARAN,2017-03-01 14:56:27.945629,98,101639,8.7,1000000000
GARAN,2017-03-01 14:56:38.616529,98,101640,8.7,1000000000
GARAN,2017-03-01 14:56:49.287428,98,101641,8.7,1000000000
GARAN,2017-03-01 14:56:59.958327,98,101642,8.7,1000000000
GARAN,2017-03-01 14:57:10.629227,98,101643,8.7,1000000000
GARAN,2017-03-01 14:57:21.300126,98,101644,8.7,1000000000
GARAN,2017-03-01 14:57:31.971025,98,101645,8.7,1000000000
GARAN,2017-03-01 14:57:42.641925,98,101646,8.7,1000000000
GARAN,2017-03-01 14:58:03.983724,98,101648,8.7,1000000000
GARAN,2017-03-01 14:58:14.654623,98,101649,8.7,1000000000
GARAN,2017-03-01 14:58:25.325522,98,101650,8.7,1000000000
GARAN,2017-03-01 14:58:35.996422,98,101651,8.7,1000000000
GARAN,2017-03-01 14:59:08.009120,98,101654,8.7,1000000000
GARAN,2017-03-01 14:59:18.680019,98,101655,8.7,1000000000
GARAN,2017-03-01 14:59:29.350919,98,101656,8.7,1000000000
GARAN,2017-03-01 14:59:40.021818,98,101657,8.7,1000000000
GARAN,2017-03-01 14:59:50.692717,98,101658,8.7,1000000000
GARAN,2017-03-01 15:00:01.363617,98,101659,8.7,1000000000
GARAN,2017-03-01 15:00:22.705415,98,101663,8.7,1000000000
GARAN,2017-03-01 15:00:33.376315,98,101664,8.7,1000000000
GARAN,2017-03-01 15:00:44.047214,98,101665,8.7,1000000000
GARAN,2017-03-01 15:00:54.718113,98,101666,8.7,1000000000
GARAN,2017-03-01 15:01:05.389013,98,101667,8.7,1000000000
GARAN,2017-03-01 15:01:16.059912,98,101668,8.7,1000000000
GARAN,2017-03-01 15:01:26.730812,98,101669,8.7,1000000000
GARAN,2017-03-01 15:01:37.401711,98,101670,8.7,1000000000
GARAN,2017-03-01 15:01:48.072610,98,101671,8.7,1000000000
GARAN,2017-03-01 15:01:58.743510,98,101672,8.7,1000000000
GARAN,2017-03-01 15:02:09.414409,98,101673,8.7,1000000000
GARAN,2017-03-01 15:02:20.085308,98,101674,8.7,1000000000
GARAN,2017-03-01 15:02:30.756208,98,101675,8.7,1000000000
GARAN,2017-03-01 15:02:41.427107,98,101676,8.7,1000000000
GARAN,2017-03-01 15:02:52.098006,98,101685,8.7,1000000000
GARAN,2017-03-01 15:03:02.768906,98,101686,8.7,1000000000
GARAN,2017-03-01 15:03:13.439805,98,101687,8.7,1000000000
GARAN,2017-03-01 15:03:24.110705,98,101688,8.7,1000000000
GARAN,2017-03-01 15:03:34.781604,98,101689,8.7,1000000000
GARAN,2017-03-01 15:03:45.452503,98,101690,8.7,1000000000
GARAN,2017-03-01 15:03:56.123403,98,101691,8.7,1000000000
GARAN,2017-03-01 15:04:06.794302,98,101692,8.7,1000000000
GARAN,2017-03-01 15:04:17.465201,98,101693,8.7,1000000000
GARAN,2017-03-01 15:04:28.136101,98,101694,8.7,1000000000
GARAN,2017-03-01 15:04:38.807000,98,101695,8.7,1000000000
GARAN,2017-03-01 15:04:49.477900,98,101696,8.7,1000000000
GARAN,2017-03-01 15:05:00.148799,98,101697,8.7,1000000000
GARAN,2017-03-01 15:05:21.490598,98,101709,8.7,1000000000
GARAN,2017-03-01 15:05:32.161497,98,101710,8.7,1000000000
GARAN,2017-03-01 15:05:42.832396,98,101711,8.7,1000000000
GARAN,2017-03-01 15:05:53.503296,98,101738,8.7,1000000000
GARAN,2017-03-01 15:06:04.174195,98,101811,8.7,1000000000
GARAN,2017-03-01 15:06:14.845094,98,101878,8.7,1000000000
GARAN,2017-03-01 15:06:25.515994,98,101879,8.7,1000000000
GARAN,2017-03-01 15:06:36.186893,98,101880,8.7,1000000000
GARAN,2017-03-01 15:06:46.857793,98,101896,8.7,1000000000
GARAN,2017-03-01 15:06:57.528692,98,101897,8.7,1000000000
GARAN,2017-03-01 15:07:08.199591,98,101898,8.7,1000000000
GARAN,2017-03-01 15:07:18.870491,98,101915,8.7,1000000000
GARAN,2017-03-01 15:07:29.541390,98,102117,8.7,1000000000
GARAN,2017-03-01 15:07:40.212289,98,102140,8.7,1000000000
GARAN,2017-03-01 15:07:50.883189,98,102141,8.7,1000000000
GARAN,2017-03-01 15:08:01.554088,98,102142,8.7,1000000000
GARAN,2017-03-01 15:08:12.224987,98,102143,8.7,1000000000
GARAN,2017-03-01 15:08:33.566786,98,102145,8.7,1000000000
GARAN,2017-03-01 15:08:44.237686,98,102146,8.7,1000000000
GARAN,2017-03-01 15:08:54.908585,98,102147,8.7,1000000000
GARAN,2017-03-01 15:09:05.579484,98,102148,8.7,1000000000
GARAN,2017-03-01 15:09:16.250384,98,102149,8.7,1000000000
GARAN,2017-03-01 15:09:26.921283,98,102150,8.7,1000000000
GARAN,2017-03-01 15:09:37.592182,98,102151,8.7,1000000000
GARAN,2017-03-01 15:09:48.263082,98,102152,8.7,1000000000
GARAN,2017-03-01 15:09:58.933981,98,102153,8.7,1000000000
GARAN,2017-03-01 15:10:09.604881,98,102154,8.7,1000000000
GARAN,2017-03-01 15:10:20.275780,98,102155,8.7,1000000000
GARAN,2017-03-01 15:10:30.946679,98,102156,8.7,1000000000
GARAN,2017-03-01 15:10:41.617579,98,102157,8.7,1000000000
GARAN,2017-03-01 15:10:52.288478,98,102158,8.7,1000000000
GARAN,2017-03-01 15:11:02.959377,98,102159,8.7,1000000000
GARAN,2017-03-01 15:11:13.630277,98,102160,8.7,1000000000
GARAN,2017-03-01 15:11:24.301176,98,102161,8.7,1000000000
GARAN,2017-03-01 15:11:34.972075,98,102162,8.7,1000000000
GARAN,2017-03-01 15:11:45.642975,98,102163,8.7,1000000000
GARAN,2017-03-01 15:11:56.313874,98,102164,8.7,1000000000
GARAN,2017-03-01 15:12:06.984774,98,102165,8.7,1000000000
GARAN,2017-03-01 15:12:17.655673,98,102166,8.7,1000000000
GARAN,2017-03-01 15:12:28.326572,98,102167,8.7,1000000000
GARAN,2017-03-01 15:12:49.668371,98,102169,8.7,1000000000
GARAN,2017-03-01 15:13:00.339270,98,102170,8.7,1000000000
GARAN,2017-03-01 15:16:23.086358,98,102902,8.71,1000000000
GARAN,2017-03-01 15:16:33.757258,98,102903,8.71,1000000000
GARAN,2017-03-01 15:16:44.428157,98,102904,8.71,1000000000
GARAN,2017-03-01 15:16:55.099056,98,102905,8.71,1000000000
GARAN,2017-03-01 15:17:05.769956,98,102906,8.71,1000000000
GARAN,2017-03-01 15:17:16.440855,98,102907,8.71,1000000000
GARAN,2017-03-01 15:17:27.111755,98,102908,8.71,1000000000
GARAN,2017-03-01 15:17:37.782654,98,102909,8.71,1000000000
GARAN,2017-03-01 15:18:09.795352,98,102912,8.71,1000000000
GARAN,2017-03-01 15:18:20.466251,98,102913,8.71,1000000000
GARAN,2017-03-01 15:18:31.137151,98,102914,8.71,1000000000
GARAN,2017-03-01 15:18:41.808050,98,102915,8.71,1000000000
GARAN,2017-03-01 15:18:52.478950,98,102916,8.71,1000000000
GARAN,2017-03-01 15:19:03.149849,98,102917,8.71,1000000000
GARAN,2017-03-01 15:19:13.820748,98,102918,8.71,1000000000
GARAN,2017-03-01 15:19:24.491648,98,102919,8.71,1000000000
GARAN,2017-03-01 15:19:35.162547,98,102920,8.71,1000000000
GARAN,2017-03-01 15:20:07.175245,98,102972,8.71,1000000000
GARAN,2017-03-01 15:20:17.846144,98,102981,8.71,1000000000
GARAN,2017-03-01 15:20:39.187943,98,103006,8.71,1000000000
GARAN,2017-03-01 15:21:00.529742,98,103015,8.71,1000000000
GARAN,2017-03-01 15:21:11.200641,98,103016,8.71,1000000000
GARAN,2017-03-01 15:21:21.871541,98,103017,8.71,1000000000
GARAN,2017-03-01 15:21:43.213339,98,103019,8.71,1000000000
GARAN,2017-03-01 15:21:53.884239,98,103020,8.71,1000000000
GARAN,2017-03-01 15:22:04.555138,98,103021,8.71,1000000000
GARAN,2017-03-01 15:22:15.226037,98,103022,8.71,1000000000
GARAN,2017-03-01 15:22:25.896937,98,103023,8.71,1000000000
GARAN,2017-03-01 15:22:36.567836,98,103024,8.71,1000000000
GARAN,2017-03-01 15:22:47.238736,98,103025,8.71,1000000000
GARAN,2017-03-01 15:23:08.580534,98,103027,8.71,1000000000
GARAN,2017-03-01 15:23:19.251434,98,103028,8.71,1000000000
GARAN,2017-03-01 15:23:29.922333,98,103029,8.71,1000000000
GARAN,2017-03-01 15:23:40.593232,98,103030,8.71,1000000000
GARAN,2017-03-01 15:23:51.264132,98,103031,8.71,1000000000
GARAN,2017-03-01 15:24:01.935031,98,103032,8.71,1000000000
GARAN,2017-03-01 15:24:12.605931,98,103033,8.71,1000000000
GARAN,2017-03-01 15:24:23.276830,98,103034,8.71,1000000000
GARAN,2017-03-01 15:24:33.947729,98,103035,8.71,1000000000
GARAN,2017-03-01 15:24:44.618629,98,103036,8.71,1000000000
GARAN,2017-03-01 15:24:55.289528,98,103037,8.71,1000000000
GARAN,2017-03-01 15:25:05.960427,98,103064,8.71,1000000000
GARAN,2017-03-01 15:25:16.631327,98,103065,8.71,1000000000
GARAN,2017-03-01 15:25:27.302226,98,103069,8.71,1000000000
GARAN,2017-03-01 15:27:14.011220,98,103145,8.71,1000000000
GARAN,2017-03-01 15:27:24.682119,98,103146,8.71,1000000000
GARAN,2017-03-01 15:29:11.391113,98,103644,8.72,1000000000
GARAN,2017-03-01 15:29:22.062012,98,103645,8.72,1000000000
GARAN,2017-03-01 15:29:32.732912,98,103646,8.72,1000000000
GARAN,2017-03-01 15:30:26.087408,98,104505,8.72,1000000000
GARAN,2017-03-01 15:30:36.758308,98,104506,8.72,1000000000
GARAN,2017-03-01 15:30:47.429207,98,104507,8.72,1000000000
GARAN,2017-03-01 15:30:58.100106,98,104508,8.72,1000000000
GARAN,2017-03-01 15:31:08.771006,98,104509,8.72,1000000000
GARAN,2017-03-01 15:31:19.441905,98,104510,8.72,1000000000
GARAN,2017-03-01 15:31:30.112805,98,104511,8.72,1000000000
GARAN,2017-03-01 15:31:40.783704,98,104512,8.72,1000000000
GARAN,2017-03-01 15:32:02.125503,98,104514,8.72,1000000000
GARAN,2017-03-01 15:32:12.796402,98,104515,8.72,1000000000
GARAN,2017-03-01 15:32:23.467301,98,104516,8.72,1000000000
GARAN,2017-03-01 15:32:34.138201,98,104517,8.72,1000000000
GARAN,2017-03-01 15:33:06.150899,98,104520,8.72,1000000000
GARAN,2017-03-01 15:33:16.821798,98,104623,8.72,1000000000
GARAN,2017-03-01 15:33:27.492698,98,104624,8.72,1000000000
GARAN,2017-03-01 15:33:38.163597,98,104625,8.72,1000000000
GARAN,2017-03-01 15:33:48.834496,98,104626,8.72,1000000000
GARAN,2017-03-01 15:33:59.505396,98,104786,8.72,1000000000
GARAN,2017-03-01 15:34:31.518094,98,105059,8.72,1000000000
GARAN,2017-03-01 15:34:42.188993,98,105060,8.72,1000000000
GARAN,2017-03-01 15:35:03.530792,98,105255,8.72,1000000000
GARAN,2017-03-01 15:35:24.872591,98,105364,8.72,1000000000
GARAN,2017-03-01 15:35:35.543490,98,105365,8.72,1000000000
GARAN,2017-03-01 15:35:46.214389,98,105366,8.72,1000000000
GARAN,2017-03-01 15:35:56.885289,98,105367,8.72,1000000000
GARAN,2017-03-01 15:36:07.556188,98,105368,8.72,1000000000
GARAN,2017-03-01 15:36:18.227087,98,105369,8.72,1000000000
GARAN,2017-03-01 15:36:28.897987,98,105370,8.72,1000000000
GARAN,2017-03-01 15:36:39.568886,98,105371,8.72,1000000000
GARAN,2017-03-01 15:36:50.239786,98,105372,8.72,1000000000
GARAN,2017-03-01 15:37:00.910685,98,105373,8.72,1000000000
GARAN,2017-03-01 15:37:11.581584,98,105374,8.72,1000000000
GARAN,2017-03-01 15:37:22.252484,98,105375,8.72,1000000000
GARAN,2017-03-01 15:37:32.923383,98,105376,8.72,1000000000
GARAN,2017-03-01 15:37:43.594282,98,105377,8.72,1000000000
GARAN,2017-03-01 15:37:54.265182,98,105378,8.72,1000000000
GARAN,2017-03-01 15:38:15.606981,98,105380,8.72,1000000000
GARAN,2017-03-01 15:38:26.277880,98,105381,8.72,1000000000
GARAN,2017-03-01 15:38:36.948779,98,105382,8.72,1000000000
GARAN,2017-03-01 15:38:47.619679,98,105383,8.72,1000000000
GARAN,2017-03-01 15:38:58.290578,98,105384,8.72,1000000000
GARAN,2017-03-01 15:39:08.961477,98,105385,8.72,1000000000
GARAN,2017-03-01 15:39:19.632377,98,105386,8.72,1000000000
GARAN,2017-03-01 15:39:30.303276,98,105387,8.72,1000000000
GARAN,2017-03-01 15:39:40.974175,98,105388,8.72,1000000000
GARAN,2017-03-01 15:39:51.645075,98,105389,8.72,1000000000
GARAN,2017-03-01 15:40:02.315974,98,105390,8.72,1000000000
GARAN,2017-03-01 15:40:12.986874,98,105391,8.72,1000000000
GARAN,2017-03-01 15:40:23.657773,98,105392,8.72,1000000000
GARAN,2017-03-01 15:40:44.999572,98,105394,8.72,1000000000
GARAN,2017-03-01 15:41:06.341370,98,105396,8.72,1000000000
GARAN,2017-03-01 15:41:17.012270,98,105397,8.72,1000000000
GARAN,2017-03-01 15:41:27.683169,98,105398,8.72,1000000000
GARAN,2017-03-01 15:41:38.354068,98,105399,8.72,1000000000
GARAN,2017-03-01 15:41:49.024968,98,105400,8.72,1000000000
GARAN,2017-03-01 15:41:59.695867,98,105401,8.72,1000000000
GARAN,2017-03-01 15:42:10.366767,98,105402,8.72,1000000000
GARAN,2017-03-01 15:42:21.037666,98,105403,8.72,1000000000
GARAN,2017-03-01 15:42:31.708565,98,105404,8.72,1000000000
GARAN,2017-03-01 15:42:42.379465,98,105405,8.72,1000000000
GARAN,2017-03-01 15:42:53.050364,98,105406,8.72,1000000000
GARAN,2017-03-01 15:43:03.721263,98,105407,8.72,1000000000
GARAN,2017-03-01 15:43:14.392163,98,105408,8.72,1000000000
GARAN,2017-03-01 15:43:25.063062,98,105409,8.72,1000000000
GARAN,2017-03-01 15:43:35.733962,98,105441,8.72,1000000000
GARAN,2017-03-01 15:43:46.404861,98,105442,8.72,1000000000
GARAN,2017-03-01 15:43:57.075760,98,105443,8.72,1000000000
GARAN,2017-03-01 15:44:07.746660,98,105444,8.72,1000000000
GARAN,2017-03-01 15:44:18.417559,98,105445,8.72,1000000000
GARAN,2017-03-01 15:44:29.088458,98,105446,8.72,1000000000
GARAN,2017-03-01 15:44:39.759358,98,105447,8.72,1000000000
GARAN,2017-03-01 15:44:50.430257,98,105448,8.72,1000000000
GARAN,2017-03-01 15:45:01.101156,98,105449,8.72,1000000000
GARAN,2017-03-01 15:45:11.772056,98,105450,8.72,1000000000
GARAN,2017-03-01 15:45:22.442955,98,105451,8.72,1000000000
GARAN,2017-03-01 15:45:33.113855,98,105452,8.72,1000000000
GARAN,2017-03-01 15:45:43.784754,98,105453,8.72,1000000000
GARAN,2017-03-01 15:46:26.468351,98,105475,8.72,1000000000
GARAN,2017-03-01 15:46:37.139251,98,105476,8.72,1000000000
GARAN,2017-03-01 15:46:47.810150,98,105524,8.72,1000000000
GARAN,2017-03-01 15:46:58.481050,98,105525,8.72,1000000000
GARAN,2017-03-01 15:47:09.151949,98,105652,8.72,1000000000
GARAN,2017-03-01 15:47:19.822848,98,105653,8.72,1000000000
GARAN,2017-03-01 15:47:30.493748,98,105727,8.72,1000000000
GARAN,2017-03-01 15:47:41.164647,98,105866,8.72,1000000000
GARAN,2017-03-01 15:47:51.835546,98,105867,8.72,1000000000
GARAN,2017-03-01 15:48:02.506446,98,105885,8.72,1000000000
GARAN,2017-03-01 15:48:13.177345,98,105886,8.72,1000000000
GARAN,2017-03-01 15:48:23.848244,98,105993,8.72,1000000000
GARAN,2017-03-01 15:48:34.519144,98,105994,8.72,1000000000
GARAN,2017-03-01 15:48:45.190043,98,105995,8.72,1000000000
GARAN,2017-03-01 15:48:55.860943,98,105996,8.72,1000000000
GARAN,2017-03-01 15:49:06.531842,98,105997,8.72,1000000000
GARAN,2017-03-01 15:49:17.202741,98,105998,8.72,1000000000
GARAN,2017-03-01 15:49:27.873641,98,105999,8.72,1000000000
GARAN,2017-03-01 15:49:38.544540,98,106000,8.72,1000000000
GARAN,2017-03-01 15:49:49.215439,98,106001,8.72,1000000000
GARAN,2017-03-01 15:49:59.886339,98,106002,8.72,1000000000
GARAN,2017-03-01 15:50:10.557238,98,106003,8.72,1000000000
GARAN,2017-03-01 15:50:21.228137,98,106004,8.72,1000000000
GARAN,2017-03-01 15:50:31.899037,98,106005,8.72,1000000000
GARAN,2017-03-01 15:50:42.569936,98,106006,8.72,1000000000
GARAN,2017-03-01 15:51:25.253534,98,106087,8.73,1000000000
GARAN,2017-03-01 15:55:41.355118,98,107459,8.73,1000000000
GARAN,2017-03-01 15:56:02.696917,98,107654,8.73,1000000000
GARAN,2017-03-01 15:56:13.367817,98,107655,8.73,1000000000
GARAN,2017-03-01 15:56:34.709615,98,107708,8.73,1000000000
GARAN,2017-03-01 15:56:56.051414,98,108068,8.73,1000000000
GARAN,2017-03-01 15:57:49.405911,98,108140,8.73,1000000000
GARAN,2017-03-01 15:58:00.076810,98,108446,8.73,1000000000
GARAN,2017-03-01 15:58:10.747710,98,108465,8.73,1000000000
GARAN,2017-03-01 15:58:21.418609,98,108672,8.73,1000000000
GARAN,2017-03-01 15:58:32.089508,98,108894,8.73,1000000000
GARAN,2017-03-01 15:58:42.760408,98,108895,8.73,1000000000
GARAN,2017-03-01 15:58:53.431307,98,108896,8.73,1000000000
GARAN,2017-03-01 15:59:04.102206,98,108897,8.73,1000000000
GARAN,2017-03-01 15:59:14.773106,98,108898,8.73,1000000000
GARAN,2017-03-01 15:59:25.444005,98,108899,8.73,1000000000
GARAN,2017-03-01 15:59:36.114905,98,108900,8.73,1000000000
GARAN,2017-03-01 15:59:57.456703,98,108902,8.73,1000000000
GARAN,2017-03-01 16:00:08.127603,98,108903,8.73,1000000000
GARAN,2017-03-01 16:00:40.140301,98,108906,8.73,1000000000
GARAN,2017-03-01 16:00:50.811200,98,108907,8.73,1000000000
GARAN,2017-03-01 16:01:01.482100,98,108908,8.73,1000000000
GARAN,2017-03-01 16:01:12.152999,98,108909,8.73,1000000000
GARAN,2017-03-01 16:01:22.823898,98,108910,8.73,1000000000
GARAN,2017-03-01 16:01:33.494798,98,108911,8.73,1000000000
GARAN,2017-03-01 16:01:44.165697,98,108912,8.73,1000000000
GARAN,2017-03-01 16:01:54.836596,98,108913,8.73,1000000000
GARAN,2017-03-01 16:02:05.507496,98,108914,8.73,1000000000
GARAN,2017-03-01 16:02:16.178395,98,108915,8.73,1000000000
GARAN,2017-03-01 16:02:26.849294,98,108916,8.73,1000000000
GARAN,2017-03-01 16:02:37.520194,98,108917,8.73,1000000000
GARAN,2017-03-01 16:02:48.191093,98,108918,8.73,1000000000
GARAN,2017-03-01 16:02:58.861993,98,108919,8.73,1000000000
GARAN,2017-03-01 16:03:09.532892,98,108920,8.73,1000000000
GARAN,2017-03-01 16:03:20.203791,98,108921,8.73,1000000000
GARAN,2017-03-01 16:03:52.216489,98,108924,8.73,1000000000
GARAN,2017-03-01 16:04:02.887389,98,108925,8.73,1000000000
GARAN,2017-03-01 16:04:13.558288,98,108926,8.73,1000000000
GARAN,2017-03-01 16:04:24.229187,98,108927,8.73,1000000000
GARAN,2017-03-01 16:04:45.570986,98,108929,8.73,1000000000
GARAN,2017-03-01 16:04:56.241886,98,108932,8.73,1000000000
GARAN,2017-03-01 16:05:06.912785,98,108933,8.73,1000000000
GARAN,2017-03-01 16:05:17.583684,98,108934,8.73,1000000000
GARAN,2017-03-01 16:05:28.254584,98,108935,8.73,1000000000
GARAN,2017-03-01 16:05:38.925483,98,108936,8.73,1000000000
GARAN,2017-03-01 16:05:49.596382,98,108937,8.73,1000000000
GARAN,2017-03-01 16:06:00.267282,98,108938,8.73,1000000000
GARAN,2017-03-01 16:06:10.938181,98,108939,8.73,1000000000
GARAN,2017-03-01 16:06:21.609081,98,108940,8.73,1000000000
GARAN,2017-03-01 16:06:32.279980,98,108941,8.73,1000000000
GARAN,2017-03-01 16:06:42.950879,98,108942,8.73,1000000000
GARAN,2017-03-01 16:06:53.621779,98,108943,8.73,1000000000
GARAN,2017-03-01 16:07:04.292678,98,108944,8.73,1000000000
GARAN,2017-03-01 16:07:14.963577,98,108945,8.73,1000000000
GARAN,2017-03-01 16:07:25.634477,98,108946,8.73,1000000000
GARAN,2017-03-01 16:07:36.305376,98,108947,8.73,1000000000
GARAN,2017-03-01 16:07:46.976275,98,108948,8.73,1000000000
GARAN,2017-03-01 16:07:57.647175,98,108949,8.73,1000000000
GARAN,2017-03-01 16:08:08.318074,98,108950,8.73,1000000000
GARAN,2017-03-01 16:08:18.988974,98,108951,8.73,1000000000
GARAN,2017-03-01 16:08:29.659873,98,108952,8.73,1000000000
GARAN,2017-03-01 16:08:40.330772,98,108953,8.73,1000000000
GARAN,2017-03-01 16:09:01.672571,98,108955,8.73,1000000000
GARAN,2017-03-01 16:09:12.343470,98,108957,8.73,1000000000
GARAN,2017-03-01 16:09:23.014370,98,108961,8.73,1000000000
GARAN,2017-03-01 16:09:33.685269,98,108962,8.73,1000000000
GARAN,2017-03-01 16:09:44.356168,98,108963,8.73,1000000000
GARAN,2017-03-01 16:09:55.027068,98,108964,8.73,1000000000
GARAN,2017-03-01 16:10:05.697967,98,108965,8.73,1000000000
GARAN,2017-03-01 16:10:16.368867,98,108966,8.73,1000000000
GARAN,2017-03-01 16:10:27.039766,98,108967,8.73,1000000000
GARAN,2017-03-01 16:12:03.077860,98,109065,8.73,1000000000
GARAN,2017-03-01 16:12:13.748760,98,109066,8.73,1000000000
GARAN,2017-03-01 16:12:24.419659,98,109067,8.73,1000000000
GARAN,2017-03-01 16:12:35.090558,98,109068,8.73,1000000000
GARAN,2017-03-01 16:14:32.470451,98,109432,8.74,1000000000
GARAN,2017-03-01 16:14:43.141351,98,109433,8.74,1000000000
GARAN,2017-03-01 16:14:53.812250,98,109434,8.74,1000000000
GARAN,2017-03-01 16:15:04.483150,98,109435,8.74,1000000000
GARAN,2017-03-01 16:15:15.154049,98,109436,8.74,1000000000
GARAN,2017-03-01 16:15:25.824948,98,109437,8.74,1000000000
GARAN,2017-03-01 16:15:36.495848,98,109438,8.74,1000000000
GARAN,2017-03-01 16:15:47.166747,98,109439,8.74,1000000000
GARAN,2017-03-01 16:15:57.837646,98,109440,8.74,1000000000
GARAN,2017-03-01 16:16:08.508546,98,109441,8.74,1000000000
GARAN,2017-03-01 16:16:19.179445,98,109442,8.74,1000000000
GARAN,2017-03-01 16:16:40.521244,98,109444,8.74,1000000000
GARAN,2017-03-01 16:17:01.863043,98,109446,8.74,1000000000
GARAN,2017-03-01 16:17:33.875741,98,109642,8.74,1000000000
GARAN,2017-03-01 16:17:55.217539,98,109686,8.74,1000000000
GARAN,2017-03-01 16:18:27.230237,98,109689,8.74,1000000000
GARAN,2017-03-01 16:18:37.901137,98,109698,8.74,1000000000
GARAN,2017-03-01 16:18:48.572036,98,109699,8.74,1000000000
GARAN,2017-03-01 16:19:31.255634,98,109913,8.74,1000000000
GARAN,2017-03-01 16:19:52.597432,98,110183,8.74,1000000000
GARAN,2017-03-01 16:20:03.268332,98,110395,8.74,1000000000
GARAN,2017-03-01 16:20:45.951929,98,110700,8.74,1000000000
GARAN,2017-03-01 16:20:56.622829,98,110701,8.74,1000000000
GARAN,2017-03-01 16:21:07.293728,98,110702,8.74,1000000000
GARAN,2017-03-01 16:21:28.635527,98,111051,8.74,1000000000
GARAN,2017-03-01 16:21:39.306426,98,111052,8.74,1000000000
GARAN,2017-03-01 16:23:26.015420,98,112045,8.74,1000000000
GARAN,2017-03-01 16:23:36.686319,98,112046,8.74,1000000000
GARAN,2017-03-01 16:23:47.357218,98,112191,8.74,1000000000
GARAN,2017-03-01 16:25:12.724413,98,113021,8.74,1000000000
GARAN,2017-03-01 16:25:23.395313,98,113022,8.74,1000000000
GARAN,2017-03-01 16:25:34.066212,98,113023,8.74,1000000000
GARAN,2017-03-01 16:25:44.737112,98,113024,8.74,1000000000
GARAN,2017-03-01 16:25:55.408011,98,113025,8.74,1000000000
GARAN,2017-03-01 16:26:06.078910,98,113525,8.74,1000000000
GARAN,2017-03-01 16:27:10.104306,98,113746,8.74,1000000000
GARAN,2017-03-01 16:36:14.320174,98,114845,8.73,1000000000
GARAN,2017-03-01 16:36:24.991074,98,114846,8.73,1000000000
GARAN,2017-03-01 16:36:35.661973,98,114847,8.73,1000000000
GARAN,2017-03-01 16:36:46.332872,98,114848,8.73,1000000000
GARAN,2017-03-01 16:36:57.003772,98,114849,8.73,1000000000
GARAN,2017-03-01 16:37:07.674671,98,114850,8.73,1000000000
GARAN,2017-03-01 16:37:29.016470,98,114852,8.73,1000000000
GARAN,2017-03-01 16:37:39.687369,98,114853,8.73,1000000000
GARAN,2017-03-01 16:39:37.067262,98,115221,8.74,1000000000
GARAN,2017-03-01 16:41:45.118055,98,115486,8.74,1000000000
GARAN,2017-03-01 16:41:55.788954,98,115583,8.74,1000000000
GARAN,2017-03-01 16:42:06.459853,98,115584,8.74,1000000000
GARAN,2017-03-01 16:42:17.130753,98,115585,8.74,1000000000
GARAN,2017-03-01 16:42:27.801652,98,115586,8.74,1000000000
GARAN,2017-03-01 16:42:38.472551,98,115587,8.74,1000000000
GARAN,2017-03-01 16:42:59.814350,98,115589,8.74,1000000000
GARAN,2017-03-01 16:43:10.485249,98,115590,8.74,1000000000
GARAN,2017-03-01 16:43:21.156149,98,115591,8.74,1000000000
GARAN,2017-03-01 16:43:31.827048,98,115592,8.74,1000000000
GARAN,2017-03-01 16:43:53.168847,98,115615,8.74,1000000000
GARAN,2017-03-01 16:44:03.839746,98,115719,8.74,1000000000
GARAN,2017-03-01 16:44:14.510646,98,115725,8.74,1000000000
GARAN,2017-03-01 16:44:25.181545,98,116039,8.74,1000000000
GARAN,2017-03-01 16:46:33.232337,98,116495,8.74,1000000000
GARAN,2017-03-01 16:46:43.903237,98,116498,8.74,1000000000
GARAN,2017-03-01 16:47:47.928633,98,116614,8.74,1000000000
GARAN,2017-03-01 16:48:09.270432,98,116616,8.74,1000000000
GARAN,2017-03-01 16:48:19.941331,98,116617,8.74,1000000000
GARAN,2017-03-01 16:48:30.612231,98,116618,8.74,1000000000
GARAN,2017-03-01 16:48:41.283130,98,116619,8.74,1000000000
GARAN,2017-03-01 16:48:51.954029,98,116620,8.74,1000000000
GARAN,2017-03-01 16:49:02.624929,98,116621,8.74,1000000000
GARAN,2017-03-01 16:49:13.295828,98,116622,8.74,1000000000
GARAN,2017-03-01 16:49:23.966727,98,116623,8.74,1000000000
GARAN,2017-03-01 16:49:34.637627,98,116624,8.74,1000000000
GARAN,2017-03-01 16:49:45.308526,98,116625,8.74,1000000000
GARAN,2017-03-01 16:49:55.979425,98,116626,8.74,1000000000
GARAN,2017-03-01 16:50:06.650325,98,116627,8.74,1000000000
GARAN,2017-03-01 16:51:53.359318,98,117153,8.74,1000000000
GARAN,2017-03-01 16:52:04.030218,98,117154,8.74,1000000000
GARAN,2017-03-01 16:52:14.701117,98,117155,8.74,1000000000
GARAN,2017-03-01 16:52:25.372017,98,117156,8.74,1000000000
GARAN,2017-03-01 16:52:36.042916,98,117157,8.74,1000000000
GARAN,2017-03-01 16:52:46.713815,98,117158,8.74,1000000000
GARAN,2017-03-01 16:52:57.384715,98,117159,8.74,1000000000
GARAN,2017-03-01 16:53:08.055614,98,117160,8.74,1000000000
GARAN,2017-03-01 16:53:18.726513,98,117161,8.74,1000000000
GARAN,2017-03-01 16:53:50.739212,98,117694,8.74,1000000000
GARAN,2017-03-01 16:54:01.410111,98,117695,8.74,1000000000
GARAN,2017-03-01 16:54:12.081010,98,117696,8.74,1000000000
GARAN,2017-03-01 16:54:22.751910,98,117697,8.74,1000000000
GARAN,2017-03-01 16:54:33.422809,98,117698,8.74,1000000000
GARAN,2017-03-01 16:54:44.093708,98,117699,8.74,1000000000
GARAN,2017-03-01 16:54:54.764608,98,117700,8.74,1000000000
GARAN,2017-03-01 16:55:05.435507,98,117701,8.74,1000000000
GARAN,2017-03-01 16:55:16.106406,98,117702,8.74,1000000000
GARAN,2017-03-01 16:55:26.777306,98,117703,8.74,1000000000
GARAN,2017-03-01 16:55:37.448205,98,117704,8.74,1000000000
GARAN,2017-03-01 16:55:48.119105,98,117705,8.74,1000000000
GARAN,2017-03-01 16:55:58.790004,98,117706,8.74,1000000000
GARAN,2017-03-01 16:56:09.460903,98,117707,8.74,1000000000
GARAN,2017-03-01 16:56:20.131803,98,117708,8.74,1000000000
GARAN,2017-03-01 16:56:30.802702,98,117709,8.74,1000000000
GARAN,2017-03-01 16:56:41.473601,98,117710,8.74,1000000000
GARAN,2017-03-01 16:56:52.144501,98,117743,8.74,1000000000
GARAN,2017-03-01 16:57:02.815400,98,117746,8.74,1000000000
GARAN,2017-03-01 16:57:13.486299,98,117751,8.74,1000000000
GARAN,2017-03-01 16:57:24.157199,98,117752,8.74,1000000000
GARAN,2017-03-01 16:57:34.828098,98,117753,8.74,1000000000
GARAN,2017-03-01 16:57:45.498998,98,117754,8.74,1000000000
GARAN,2017-03-01 16:57:56.169897,98,117755,8.74,1000000000
GARAN,2017-03-01 16:58:17.511696,98,117757,8.74,1000000000
GARAN,2017-03-01 16:58:28.182595,98,117758,8.74,1000000000
GARAN,2017-03-01 16:58:38.853494,98,117759,8.74,1000000000
GARAN,2017-03-01 16:58:49.524394,98,117760,8.74,1000000000
GARAN,2017-03-01 16:59:00.195293,98,117761,8.74,1000000000
GARAN,2017-03-01 16:59:21.537092,98,117763,8.74,1000000000
GARAN,2017-03-01 16:59:32.207991,98,117764,8.74,1000000000
GARAN,2017-03-01 16:59:42.878891,98,117765,8.74,1000000000
GARAN,2017-03-01 16:59:53.549790,98,117766,8.74,1000000000
GARAN,2017-03-01 17:00:04.220689,98,117767,8.74,1000000000
GARAN,2017-03-01 17:00:14.891589,98,117768,8.74,1000000000
GARAN,2017-03-01 17:00:25.562488,98,117769,8.74,1000000000
GARAN,2017-03-01 17:00:36.233387,98,117770,8.74,1000000000
GARAN,2017-03-01 17:00:46.904287,98,117771,8.74,1000000000
GARAN,2017-03-01 17:00:57.575186,98,117772,8.74,1000000000
GARAN,2017-03-01 17:01:08.246086,98,117773,8.74,1000000000
GARAN,2017-03-01 17:01:18.916985,98,117774,8.74,1000000000
GARAN,2017-03-01 17:01:29.587884,98,117775,8.74,1000000000
GARAN,2017-03-01 17:01:40.258784,98,117776,8.74,1000000000
GARAN,2017-03-01 17:01:50.929683,98,117777,8.74,1000000000
GARAN,2017-03-01 17:02:01.600582,98,117778,8.74,1000000000
GARAN,2017-03-01 17:02:22.942381,98,117788,8.74,1000000000
GARAN,2017-03-01 17:03:05.625979,98,117876,8.74,1000000000
GARAN,2017-03-01 17:03:16.296878,98,117890,8.74,1000000000
GARAN,2017-03-01 17:03:26.967777,98,117921,8.74,1000000000
GARAN,2017-03-01 17:03:37.638677,98,117925,8.74,1000000000
GARAN,2017-03-01 17:03:48.309576,98,117926,8.74,1000000000
GARAN,2017-03-01 17:03:58.980475,98,117927,8.74,1000000000
GARAN,2017-03-01 17:04:09.651375,98,117928,8.74,1000000000
GARAN,2017-03-01 17:04:20.322274,98,117929,8.74,1000000000
GARAN,2017-03-01 17:04:41.664073,98,118316,8.74,1000000000
GARAN,2017-03-01 17:04:52.334972,98,118317,8.74,1000000000
GARAN,2017-03-01 17:05:03.005872,98,118345,8.74,1000000000
GARAN,2017-03-01 17:05:13.676771,98,118346,8.74,1000000000
GARAN,2017-03-01 17:05:24.347670,98,118347,8.74,1000000000
GARAN,2017-03-01 17:05:35.018570,98,118348,8.74,1000000000
GARAN,2017-03-01 17:05:45.689469,98,118349,8.74,1000000000
GARAN,2017-03-01 17:05:56.360368,98,118350,8.74,1000000000
GARAN,2017-03-01 17:06:07.031268,98,118351,8.74,1000000000
GARAN,2017-03-01 17:06:17.702167,98,118352,8.74,1000000000
GARAN,2017-03-01 17:06:49.714865,98,118780,8.75,1000000000
GARAN,2017-03-01 17:07:00.385765,98,118781,8.75,1000000000
GARAN,2017-03-01 17:07:11.056664,98,118782,8.75,1000000000
GARAN,2017-03-01 17:07:21.727563,98,118783,8.75,1000000000
GARAN,2017-03-01 17:07:32.398463,98,118784,8.75,1000000000
GARAN,2017-03-01 17:08:04.411161,98,118787,8.75,1000000000
GARAN,2017-03-01 17:08:15.082060,98,118788,8.75,1000000000
GARAN,2017-03-01 17:08:25.752960,98,118789,8.75,1000000000
GARAN,2017-03-01 17:08:36.423859,98,118790,8.75,1000000000
GARAN,2017-03-01 17:08:47.094758,98,118791,8.75,1000000000
GARAN,2017-03-01 17:08:57.765658,98,118792,8.75,1000000000
GARAN,2017-03-01 17:09:08.436557,98,118793,8.75,1000000000
GARAN,2017-03-01 17:09:19.107456,98,118794,8.75,1000000000
GARAN,2017-03-01 17:09:29.778356,98,118795,8.75,1000000000
GARAN,2017-03-01 17:09:40.449255,98,118796,8.75,1000000000
GARAN,2017-03-01 17:10:12.461953,98,118799,8.75,1000000000
GARAN,2017-03-01 17:10:23.132853,98,118800,8.75,1000000000
GARAN,2017-03-01 17:10:33.803752,98,118801,8.75,1000000000
GARAN,2017-03-01 17:10:44.474651,98,118802,8.75,1000000000
GARAN,2017-03-01 17:10:55.145551,98,118803,8.75,1000000000
GARAN,2017-03-01 17:11:05.816450,98,118804,8.75,1000000000
GARAN,2017-03-01 17:11:16.487349,98,118805,8.75,1000000000
GARAN,2017-03-01 17:11:27.158249,98,118806,8.75,1000000000
GARAN,2017-03-01 17:11:37.829148,98,118807,8.75,1000000000
GARAN,2017-03-01 17:11:48.500048,98,118808,8.75,1000000000
GARAN,2017-03-01 17:11:59.170947,98,118809,8.75,1000000000
GARAN,2017-03-01 17:12:09.841846,98,118810,8.75,1000000000
GARAN,2017-03-01 17:12:20.512746,98,118811,8.75,1000000000
GARAN,2017-03-01 17:12:31.183645,98,118812,8.75,1000000000
GARAN,2017-03-01 17:12:41.854544,98,118813,8.75,1000000000
GARAN,2017-03-01 17:12:52.525444,98,118814,8.75,1000000000
GARAN,2017-03-01 17:13:13.867243,98,118816,8.75,1000000000
GARAN,2017-03-01 17:13:24.538142,98,118817,8.75,1000000000
GARAN,2017-03-01 17:13:35.209041,98,118818,8.75,1000000000
GARAN,2017-03-01 17:13:45.879941,98,118819,8.75,1000000000
GARAN,2017-03-01 17:13:56.550840,98,118820,8.75,1000000000
GARAN,2017-03-01 17:14:07.221740,98,118821,8.75,1000000000
GARAN,2017-03-01 17:14:17.892639,98,118822,8.75,1000000000
GARAN,2017-03-01 17:14:28.563538,98,118823,8.75,1000000000
GARAN,2017-03-01 17:14:39.234437,98,118824,8.75,1000000000
GARAN,2017-03-01 17:14:49.905337,98,118825,8.75,1000000000
GARAN,2017-03-01 17:15:00.576236,98,118826,8.75,1000000000
GARAN,2017-03-01 17:15:11.247136,98,118827,8.75,1000000000
GARAN,2017-03-01 17:15:21.918035,98,118828,8.75,1000000000
GARAN,2017-03-01 17:15:32.588934,98,118829,8.75,1000000000
GARAN,2017-03-01 17:15:43.259834,98,118830,8.75,1000000000
GARAN,2017-03-01 17:15:53.930733,98,118831,8.75,1000000000
GARAN,2017-03-01 17:16:04.601632,98,118832,8.75,1000000000
GARAN,2017-03-01 17:16:15.272532,98,118833,8.75,1000000000
GARAN,2017-03-01 17:16:25.943431,98,118834,8.75,1000000000
GARAN,2017-03-01 17:16:36.614331,98,118835,8.75,1000000000
GARAN,2017-03-01 17:16:47.285230,98,118836,8.75,1000000000
GARAN,2017-03-01 17:16:57.956129,98,118837,8.75,1000000000
GARAN,2017-03-01 17:17:08.627029,98,118838,8.75,1000000000
GARAN,2017-03-01 17:17:19.297928,98,118839,8.75,1000000000
GARAN,2017-03-01 17:17:29.968827,98,118840,8.75,1000000000
GARAN,2017-03-01 17:17:40.639727,98,118841,8.75,1000000000
GARAN,2017-03-01 17:17:51.310626,98,118842,8.75,1000000000
GARAN,2017-03-01 17:18:01.981525,98,118843,8.75,1000000000
GARAN,2017-03-01 17:18:12.652425,98,118844,8.75,1000000000
GARAN,2017-03-01 17:18:23.323324,98,118845,8.75,1000000000
GARAN,2017-03-01 17:18:33.994224,98,118846,8.75,1000000000
GARAN,2017-03-01 17:18:44.665123,98,118847,8.75,1000000000
GARAN,2017-03-01 17:18:55.336022,98,118848,8.75,1000000000
GARAN,2017-03-01 17:19:06.006922,98,118849,8.75,1000000000
GARAN,2017-03-01 17:19:16.677821,98,118850,8.75,1000000000
GARAN,2017-03-01 17:19:27.348720,98,118851,8.75,1000000000
GARAN,2017-03-01 17:19:38.019620,98,118852,8.75,1000000000
GARAN,2017-03-01 17:19:48.690519,98,118853,8.75,1000000000
GARAN,2017-03-01 17:19:59.361418,98,118854,8.75,1000000000
GARAN,2017-03-01 17:20:10.032318,98,118865,8.76,1000000000
GARAN,2017-03-01 17:20:20.703217,98,118866,8.76,1000000000
GARAN,2017-03-01 17:20:31.374117,98,118867,8.76,1000000000
GARAN,2017-03-01 17:20:42.045016,98,118868,8.76,1000000000
GARAN,2017-03-01 17:20:52.715915,98,118869,8.76,1000000000
GARAN,2017-03-01 17:21:03.386815,98,118870,8.76,1000000000
GARAN,2017-03-01 17:21:24.728613,98,118872,8.76,1000000000
GARAN,2017-03-01 17:21:35.399513,98,118873,8.76,1000000000
GARAN,2017-03-01 17:21:46.070412,98,118874,8.76,1000000000
GARAN,2017-03-01 17:21:56.741312,98,118875,8.76,1000000000
GARAN,2017-03-01 17:22:18.083110,98,118877,8.76,1000000000
GARAN,2017-03-01 17:22:28.754010,98,118878,8.76,1000000000
GARAN,2017-03-01 17:22:39.424909,98,118879,8.76,1000000000
GARAN,2017-03-01 17:23:00.766708,98,118924,8.76,1000000000
GARAN,2017-03-01 17:23:32.779406,98,118927,8.76,1000000000
GARAN,2017-03-01 17:23:43.450305,98,118928,8.76,1000000000
GARAN,2017-03-01 17:23:54.121205,98,118929,8.76,1000000000
GARAN,2017-03-01 17:24:04.792104,98,118930,8.76,1000000000
GARAN,2017-03-01 17:24:15.463003,98,118931,8.76,1000000000
GARAN,2017-03-01 17:24:26.133903,98,118932,8.76,1000000000
GARAN,2017-03-01 17:24:36.804802,98,118933,8.76,1000000000
GARAN,2017-03-01 17:24:47.475701,98,118934,8.76,1000000000
GARAN,2017-03-01 17:24:58.146601,98,118935,8.76,1000000000
GARAN,2017-03-01 17:25:08.817500,98,118936,8.76,1000000000
GARAN,2017-03-01 17:25:19.488399,98,118937,8.76,1000000000
GARAN,2017-03-01 17:28:20.893689,98,119008,8.74,1000000000
GARAN,2017-03-01 17:28:31.564588,98,119015,8.74,1000000000
GARAN,2017-03-01 17:28:42.235487,98,119016,8.74,1000000000
GARAN,2017-03-01 17:28:52.906387,98,119019,8.75,1000000000
GARAN,2017-03-01 17:29:03.577286,98,119020,8.75,1000000000
GARAN,2017-03-01 17:29:14.248186,98,119021,8.75,1000000000
GARAN,2017-03-01 17:29:24.919085,98,119022,8.75,1000000000
GARAN,2017-03-01 17:29:46.260884,98,119027,8.75,1000000000
GARAN,2017-03-01 17:29:56.931783,98,119028,8.76,1000000000
GARAN,2017-03-01 17:30:07.602682,98,119087,8.75,1000000000
GARAN,2017-03-01 17:30:18.273582,98,119088,8.75,1000000000
GARAN,2017-03-01 17:30:28.944481,98,119112,8.75,1000000000
GARAN,2017-03-01 17:30:39.615381,98,119161,8.75,1000000000
GARAN,2017-03-01 17:30:50.286280,98,119165,8.75,1000000000
GARAN,2017-03-01 17:31:00.957179,98,119436,8.75,1000000000
GARAN,2017-03-01 17:31:11.628079,98,119446,8.75,1000000000
GARAN,2017-03-01 17:31:32.969877,98,119475,8.75,1000000000
GARAN,2017-03-01 17:31:43.640777,98,119476,8.75,1000000000
GARAN,2017-03-01 17:31:54.311676,98,119477,8.75,1000000000
GARAN,2017-03-01 17:32:04.982575,98,119478,8.75,1000000000
GARAN,2017-03-01 17:32:15.653475,98,119479,8.75,1000000000
GARAN,2017-03-01 17:32:26.324374,98,119480,8.75,1000000000
GARAN,2017-03-01 17:32:36.995274,98,119481,8.75,1000000000
GARAN,2017-03-01 17:32:47.666173,98,119482,8.75,1000000000
GARAN,2017-03-01 17:32:58.337072,98,119483,8.75,1000000000
GARAN,2017-03-01 17:33:51.691569,98,119545,8.75,1000000000
GARAN,2017-03-01 17:34:02.362468,98,119704,8.75,1000000000
GARAN,2017-03-01 17:34:13.033368,98,119705,8.75,1000000000
GARAN,2017-03-01 17:34:23.704267,98,119706,8.75,1000000000
GARAN,2017-03-01 17:34:34.375167,98,119707,8.75,1000000000
GARAN,2017-03-01 17:34:45.046066,98,119708,8.75,1000000000
GARAN,2017-03-01 17:34:55.716965,98,119709,8.75,1000000000
GARAN,2017-03-01 17:35:06.387865,98,119710,8.75,1000000000
GARAN,2017-03-01 17:35:59.742362,98,119987,8.76,1000000000
GARAN,2017-03-01 17:36:10.413261,98,119988,8.76,1000000000
GARAN,2017-03-01 17:36:21.084160,98,119989,8.76,1000000000
GARAN,2017-03-01 17:36:31.755060,98,119990,8.76,1000000000
GARAN,2017-03-01 17:36:42.425959,98,119991,8.76,1000000000
GARAN,2017-03-01 17:36:53.096858,98,119992,8.76,1000000000
GARAN,2017-03-01 17:37:03.767758,98,119993,8.76,1000000000
GARAN,2017-03-01 17:37:14.438657,98,119994,8.76,1000000000
GARAN,2017-03-01 17:37:25.109556,98,119995,8.76,1000000000
GARAN,2017-03-01 17:37:46.451355,98,120057,8.76,1000000000
GARAN,2017-03-01 17:37:57.122255,98,120058,8.76,1000000000
GARAN,2017-03-01 17:38:07.793154,98,120059,8.76,1000000000
GARAN,2017-03-01 17:38:18.464053,98,120060,8.76,1000000000
GARAN,2017-03-01 17:38:29.134953,98,120061,8.76,1000000000
GARAN,2017-03-01 17:38:39.805852,98,120062,8.76,1000000000
GARAN,2017-03-01 17:38:50.476751,98,120063,8.76,1000000000
GARAN,2017-03-01 17:39:01.147651,98,120064,8.76,1000000000
GARAN,2017-03-01 17:39:11.818550,98,120065,8.76,1000000000
GARAN,2017-03-01 17:39:22.489449,98,120066,8.76,1000000000
GARAN,2017-03-01 17:39:33.160349,98,120067,8.76,1000000000
GARAN,2017-03-01 17:39:43.831248,98,120068,8.76,1000000000
GARAN,2017-03-01 17:39:54.502148,98,120069,8.76,1000000000
GARAN,2017-03-01 17:40:05.173047,98,120070,8.76,1000000000
GARAN,2017-03-01 17:40:15.843946,98,120071,8.77,1000000000
GARAN,2017-03-01 17:40:37.185745,98,120187,8.77,1000000000
GARAN,2017-03-01 17:41:30.540242,98,120853,8.77,1000000000
GARAN,2017-03-01 17:41:41.211141,98,120854,8.77,1000000000
GARAN,2017-03-01 17:41:51.882041,98,120855,8.77,1000000000
GARAN,2017-03-01 17:42:02.552940,98,120856,8.77,1000000000
GARAN,2017-03-01 17:42:13.223839,98,120857,8.77,1000000000
GARAN,2017-03-01 17:42:23.894739,98,120858,8.77,1000000000
GARAN,2017-03-01 17:42:34.565638,98,120859,8.77,1000000000
GARAN,2017-03-01 17:42:45.236537,98,120860,8.77,1000000000
GARAN,2017-03-01 17:43:06.578336,98,120862,8.77,1000000000
GARAN,2017-03-01 17:43:17.249236,98,120863,8.77,1000000000
GARAN,2017-03-01 17:43:27.920135,98,120864,8.77,1000000000
GARAN,2017-03-01 17:43:59.932833,98,120867,8.77,1000000000
GARAN,2017-03-01 17:44:10.603732,98,120868,8.77,1000000000
GARAN,2017-03-01 17:44:21.274632,98,120869,8.77,1000000000
GARAN,2017-03-01 17:44:31.945531,98,120870,8.77,1000000000
GARAN,2017-03-01 17:44:42.616430,98,120871,8.77,1000000000
GARAN,2017-03-01 17:44:53.287330,98,120872,8.77,1000000000
GARAN,2017-03-01 17:45:03.958229,98,120873,8.77,1000000000
GARAN,2017-03-01 17:45:14.629129,98,120874,8.77,1000000000
GARAN,2017-03-01 17:45:25.300028,98,120875,8.77,1000000000
GARAN,2017-03-01 17:45:35.970927,98,120876,8.77,1000000000
GARAN,2017-03-01 17:45:46.641827,98,120877,8.77,1000000000
GARAN,2017-03-01 17:45:57.312726,98,120878,8.77,1000000000
GARAN,2017-03-01 17:46:07.983625,98,120879,8.77,1000000000
GARAN,2017-03-01 17:46:18.654525,98,120880,8.77,1000000000
GARAN,2017-03-01 17:46:29.325424,98,120881,8.77,1000000000
GARAN,2017-03-01 17:46:39.996324,98,120930,8.77,1000000000
GARAN,2017-03-01 17:47:01.338122,98,121079,8.77,1000000000
GARAN,2017-03-01 17:47:33.350820,98,121114,8.77,1000000000
GARAN,2017-03-01 17:47:44.021720,98,121115,8.77,1000000000
GARAN,2017-03-01 17:47:54.692619,98,121116,8.77,1000000000
GARAN,2017-03-01 17:48:05.363518,98,121117,8.77,1000000000
GARAN,2017-03-01 17:48:26.705317,98,121119,8.77,1000000000
GARAN,2017-03-01 17:48:37.376217,98,121145,8.77,1000000000
GARAN,2017-03-01 17:48:48.047116,98,121146,8.77,1000000000
GARAN,2017-03-01 17:48:58.718015,98,121147,8.77,1000000000
GARAN,2017-03-01 17:49:09.388915,98,121148,8.77,1000000000
GARAN,2017-03-01 17:49:20.059814,98,121149,8.77,1000000000
GARAN,2017-03-01 17:49:30.730713,98,121150,8.77,1000000000
GARAN,2017-03-01 17:49:41.401613,98,121151,8.77,1000000000
GARAN,2017-03-01 17:49:52.072512,98,121152,8.77,1000000000
GARAN,2017-03-01 17:52:10.794204,98,123459,8.77,1000000000
GARAN,2017-03-01 17:52:42.806902,98,124462,8.77,1000000000
GARAN,2017-03-01 17:54:18.844996,98,125199,8.77,1000000000
GARAN,2017-03-01 17:54:40.186795,98,125201,8.77,1000000000
GARAN,2017-03-01 17:54:50.857694,98,125202,8.77,1000000000
GARAN,2017-03-01 17:55:01.528594,98,125452,8.77,1000000000
GARAN,2017-03-01 17:55:33.541292,98,125595,8.77,1000000000
GARAN,2017-03-01 18:00:32.326474,98,126870,8.77,1000000000
GARAN,2017-03-01 18:02:29.706367,98,127900,8.77,1000000000
GARAN,2017-03-01 18:06:35.137053,98,129861,8.77,1000000000
GARAN,2017-03-01 18:06:56.478851,98,129994,8.77,1000000000
GARAN,2017-03-01 18:09:47.213241,98,132228,8.77,1000000000
GARAN,2017-03-01 18:10:40.567738,98,132316,8.77,1000000000
GARAN,2017-03-01 18:14:35.327524,98,134981,8.77,1000000000
GARAN,2017-03-01 18:14:45.998424,98,134983,8.77,1000000000
GARAN,2017-03-01 18:24:32.897889,98,137634,8.76,1000000000
GARAN,2017-03-01 18:24:43.568788,98,137635,8.76,1000000000
GARAN,2017-03-01 18:24:54.239687,98,137636,8.76,1000000000
GARAN,2017-03-01 18:25:04.910587,98,137637,8.76,1000000000
GARAN,2017-03-01 18:25:15.581486,98,137638,8.76,1000000000
GARAN,2017-03-01 18:25:26.252386,98,137639,8.76,1000000000
GARAN,2017-03-01 18:25:36.923285,98,137640,8.76,1000000000
GARAN,2017-03-01 18:25:47.594184,98,137641,8.76,1000000000
GARAN,2017-03-01 18:25:58.265084,98,137644,8.76,1000000000
GARAN,2017-03-01 18:26:08.935983,98,137645,8.76,1000000000
GARAN,2017-03-01 18:26:19.606882,98,137646,8.76,1000000000
GARAN,2017-03-01 18:26:30.277782,98,137647,8.76,1000000000
GARAN,2017-03-01 18:26:40.948681,98,137648,8.76,1000000000
GARAN,2017-03-01 18:26:51.619580,98,137649,8.76,1000000000
GARAN,2017-03-01 18:27:02.290480,98,137650,8.76,1000000000
GARAN,2017-03-01 18:27:12.961379,98,137651,8.76,1000000000
GARAN,2017-03-01 18:27:23.632279,98,137652,8.76,1000000000
GARAN,2017-03-01 18:27:34.303178,98,137653,8.76,1000000000
GARAN,2017-03-01 18:27:44.974077,98,137654,8.76,1000000000
GARAN,2017-03-01 18:27:55.644977,98,137655,8.76,1000000000
GARAN,2017-03-01 18:31:18.392065,98,138594,8.77,1000000000
GARAN,2017-03-01 18:36:49.189945,98,140273,8.76,1000000000
GARAN,2017-03-01 18:39:07.911637,98,141024,8.76,1000000000
GARAN,2017-03-01 18:39:18.582536,98,141025,8.76,1000000000
GARAN,2017-03-01 18:39:29.253436,98,141026,8.76,1000000000
GARAN,2017-03-01 18:39:39.924335,98,141027,8.76,1000000000
GARAN,2017-03-01 18:40:01.266134,98,141040,8.76,1000000000
GARAN,2017-03-01 18:40:11.937033,98,141041,8.76,1000000000
GARAN,2017-03-01 18:40:22.607932,98,141042,8.76,1000000000
GARAN,2017-03-01 18:40:33.278832,98,141043,8.76,1000000000
GARAN,2017-03-01 18:40:43.949731,98,141044,8.76,1000000000
GARAN,2017-03-01 18:40:54.620630,98,141045,8.76,1000000000
GARAN,2017-03-01 18:41:05.291530,98,141046,8.76,1000000000
GARAN,2017-03-01 18:41:15.962429,98,141047,8.76,1000000000
GARAN,2017-03-01 18:41:58.646027,98,141051,8.76,1000000000
GARAN,2017-03-01 18:42:09.316926,98,141052,8.76,1000000000
GARAN,2017-03-01 18:42:19.987825,98,141053,8.76,1000000000
GARAN,2017-03-01 18:42:30.658725,98,141054,8.76,1000000000
GARAN,2017-03-01 18:42:52.000524,98,141056,8.76,1000000000
GARAN,2017-03-01 18:43:02.671423,98,141057,8.76,1000000000
GARAN,2017-03-01 18:43:13.342322,98,141058,8.76,1000000000
GARAN,2017-03-01 18:43:24.013222,98,141059,8.76,1000000000
GARAN,2017-03-01 18:43:45.355020,98,141061,8.76,1000000000
GARAN,2017-03-01 18:43:56.025920,98,141062,8.76,1000000000
GARAN,2017-03-01 18:44:06.696819,98,141063,8.76,1000000000
GARAN,2017-03-01 18:44:17.367718,98,141064,8.76,1000000000
GARAN,2017-03-01 18:44:38.709517,98,141066,8.76,1000000000
GARAN,2017-03-01 18:44:49.380417,98,141067,8.76,1000000000
GARAN,2017-03-01 18:45:10.722215,98,141069,8.76,1000000000
GARAN,2017-03-01 18:45:21.393115,98,141070,8.76,1000000000
GARAN,2017-03-01 18:45:32.064014,98,141071,8.76,1000000000
GARAN,2017-03-01 18:45:42.734913,98,141072,8.76,1000000000
GARAN,2017-03-01 18:45:53.405813,98,141073,8.76,1000000000
GARAN,2017-03-01 18:46:04.076712,98,141074,8.76,1000000000
GARAN,2017-03-01 18:46:14.747611,98,141075,8.76,1000000000
GARAN,2017-03-01 18:46:25.418511,98,141076,8.76,1000000000
GARAN,2017-03-01 18:46:36.089410,98,141079,8.77,1000000000
GARAN,2017-03-01 18:46:46.760310,98,141080,8.77,1000000000
GARAN,2017-03-01 18:49:48.165599,98,141522,8.77,1000000000
GARAN,2017-03-01 18:49:58.836498,98,141580,8.77,1000000000
GARAN,2017-03-01 18:52:06.887291,98,142302,8.77,1000000000
GARAN,2017-03-01 18:53:10.912687,98,142920,8.77,1000000000
GARAN,2017-03-01 18:53:21.583586,98,142921,8.77,1000000000
GARAN,2017-03-01 18:53:32.254486,98,142922,8.77,1000000000
GARAN,2017-03-01 18:53:42.925385,98,142923,8.77,1000000000
GARAN,2017-03-01 18:54:04.267184,98,142925,8.77,1000000000
GARAN,2017-03-01 18:54:14.938083,98,142926,8.77,1000000000
GARAN,2017-03-01 18:54:25.608982,98,142927,8.77,1000000000
GARAN,2017-03-01 18:54:36.279882,98,142928,8.77,1000000000
GARAN,2017-03-01 18:54:46.950781,98,142929,8.77,1000000000
GARAN,2017-03-01 18:54:57.621680,98,142930,8.77,1000000000
GARAN,2017-03-01 18:55:08.292580,98,142931,8.77,1000000000
GARAN,2017-03-01 18:55:18.963479,98,142932,8.77,1000000000
GARAN,2017-03-01 18:55:29.634379,98,142933,8.77,1000000000
GARAN,2017-03-01 18:55:40.305278,98,142934,8.77,1000000000
GARAN,2017-03-01 18:55:50.976177,98,142935,8.77,1000000000
GARAN,2017-03-01 18:56:01.647077,98,142936,8.77,1000000000
GARAN,2017-03-01 18:56:12.317976,98,142937,8.77,1000000000
GARAN,2017-03-01 18:56:33.659775,98,142939,8.77,1000000000
GARAN,2017-03-01 18:56:44.330674,98,142940,8.77,1000000000
GARAN,2017-03-01 18:56:55.001574,98,142941,8.77,1000000000
GARAN,2017-03-01 18:57:05.672473,98,142942,8.77,1000000000
GARAN,2017-03-01 18:57:16.343372,98,142943,8.77,1000000000
GARAN,2017-03-01 18:57:27.014272,98,142944,8.77,1000000000
GARAN,2017-03-01 18:57:37.685171,98,142945,8.77,1000000000
GARAN,2017-03-01 18:57:48.356070,98,142946,8.77,1000000000
GARAN,2017-03-01 18:57:59.026970,98,142947,8.77,1000000000
GARAN,2017-03-01 18:58:09.697869,98,142948,8.77,1000000000
GARAN,2017-03-01 18:58:20.368768,98,142951,8.77,1000000000
GARAN,2017-03-01 18:58:31.039668,98,142952,8.77,1000000000
GARAN,2017-03-01 18:58:41.710567,98,142953,8.77,1000000000
GARAN,2017-03-01 18:58:52.381467,98,142954,8.77,1000000000
GARAN,2017-03-01 18:59:03.052366,98,142956,8.77,1000000000
GARAN,2017-03-01 18:59:13.723265,98,142957,8.77,1000000000
GARAN,2017-03-01 18:59:24.394165,98,142958,8.77,1000000000
GARAN,2017-03-01 18:59:35.065064,98,142959,8.77,1000000000
GARAN,2017-03-01 18:59:45.735963,98,142960,8.77,1000000000
GARAN,2017-03-01 18:59:56.406863,98,142961,8.77,1000000000
GARAN,2017-03-01 19:00:07.077762,98,142962,8.77,1000000000
GARAN,2017-03-01 19:00:17.748661,98,142963,8.77,1000000000
GARAN,2017-03-01 19:00:39.090460,98,142965,8.77,1000000000
GARAN,2017-03-01 19:00:49.761360,98,142966,8.77,1000000000
GARAN,2017-03-01 19:01:00.432259,98,142967,8.77,1000000000
GARAN,2017-03-01 19:01:11.103158,98,142968,8.77,1000000000
GARAN,2017-03-01 19:01:21.774058,98,142969,8.77,1000000000
GARAN,2017-03-01 19:01:32.444957,98,142970,8.77,1000000000
GARAN,2017-03-01 19:01:43.115856,98,142971,8.77,1000000000
GARAN,2017-03-01 19:01:53.786756,98,142972,8.77,1000000000
GARAN,2017-03-01 19:02:04.457655,98,142973,8.77,1000000000
GARAN,2017-03-01 19:02:15.128555,98,142974,8.77,1000000000
GARAN,2017-03-01 19:02:25.799454,98,142975,8.77,1000000000
GARAN,2017-03-01 19:02:36.470353,98,142976,8.77,1000000000
GARAN,2017-03-01 19:02:47.141253,98,142977,8.77,1000000000
GARAN,2017-03-01 19:02:57.812152,98,142978,8.77,1000000000
GARAN,2017-03-01 19:03:19.153951,98,142980,8.77,1000000000
GARAN,2017-03-01 19:03:29.824850,98,142981,8.77,1000000000
GARAN,2017-03-01 19:03:40.495749,98,142982,8.77,1000000000
GARAN,2017-03-01 19:03:51.166649,98,142983,8.77,1000000000
GARAN,2017-03-01 19:04:01.837548,98,142985,8.77,1000000000
GARAN,2017-03-01 19:04:12.508448,98,142986,8.77,1000000000
GARAN,2017-03-01 19:04:23.179347,98,142987,8.77,1000000000
GARAN,2017-03-01 19:04:33.850246,98,142988,8.77,1000000000
GARAN,2017-03-01 19:04:44.521146,98,142989,8.77,1000000000
GARAN,2017-03-01 19:04:55.192045,98,142994,8.77,1000000000
GARAN,2017-03-01 19:05:05.862944,98,142995,8.77,1000000000
GARAN,2017-03-01 19:05:16.533844,98,143002,8.77,1000000000
GARAN,2017-03-01 19:05:27.204743,98,143003,8.77,1000000000
GARAN,2017-03-01 19:05:48.546542,98,143006,8.77,1000000000
GARAN,2017-03-01 19:05:59.217441,98,143007,8.77,1000000000
GARAN,2017-03-01 19:06:09.888341,98,143009,8.77,1000000000
GARAN,2017-03-01 19:06:41.901039,98,143013,8.77,1000000000
GARAN,2017-03-01 19:07:03.242837,98,143015,8.77,1000000000
GARAN,2017-03-01 19:07:13.913737,98,143016,8.77,1000000000
GARAN,2017-03-01 19:07:24.584636,98,143017,8.77,1000000000
GARAN,2017-03-01 19:07:35.255536,98,143018,8.77,1000000000
GARAN,2017-03-01 19:07:45.926435,98,143020,8.77,1000000000
GARAN,2017-03-01 19:08:07.268234,98,143155,8.78,1000000000
GARAN,2017-03-01 19:08:17.939133,98,143156,8.78,1000000000
GARAN,2017-03-01 19:08:28.610032,98,143157,8.78,1000000000
GARAN,2017-03-01 19:08:39.280932,98,143158,8.78,1000000000
GARAN,2017-03-01 19:08:49.951831,98,143159,8.78,1000000000
GARAN,2017-03-01 19:09:00.622730,98,143160,8.78,1000000000
GARAN,2017-03-01 19:09:11.293630,98,143161,8.78,1000000000
GARAN,2017-03-01 19:09:21.964529,98,143162,8.78,1000000000
GARAN,2017-03-01 19:09:32.635429,98,143163,8.78,1000000000
GARAN,2017-03-01 19:09:43.306328,98,143164,8.78,1000000000
GARAN,2017-03-01 19:09:53.977227,98,143165,8.78,1000000000
GARAN,2017-03-01 19:10:04.648127,98,143166,8.78,1000000000
GARAN,2017-03-01 19:10:15.319026,98,143167,8.78,1000000000
GARAN,2017-03-01 19:10:47.331724,98,143170,8.78,1000000000
GARAN,2017-03-01 19:10:58.002624,98,143171,8.78,1000000000
GARAN,2017-03-01 19:11:08.673523,98,143172,8.78,1000000000
GARAN,2017-03-01 19:11:19.344422,98,143173,8.78,1000000000
GARAN,2017-03-01 19:11:30.015322,98,143174,8.78,1000000000
GARAN,2017-03-01 19:11:40.686221,98,143175,8.78,1000000000
GARAN,2017-03-01 19:11:51.357120,98,143176,8.78,1000000000
GARAN,2017-03-01 19:12:02.028020,98,143177,8.78,1000000000
GARAN,2017-03-01 19:12:12.698919,98,143178,8.78,1000000000
GARAN,2017-03-01 19:12:23.369818,98,143179,8.78,1000000000
GARAN,2017-03-01 19:12:34.040718,98,143180,8.78,1000000000
GARAN,2017-03-01 19:12:44.711617,98,143181,8.78,1000000000
GARAN,2017-03-01 19:12:55.382517,98,143182,8.78,1000000000
GARAN,2017-03-01 19:13:06.053416,98,143183,8.78,1000000000
GARAN,2017-03-01 19:13:16.724315,98,143184,8.78,1000000000
GARAN,2017-03-01 19:13:38.066114,98,143186,8.78,1000000000
GARAN,2017-03-01 19:13:48.737013,98,143187,8.78,1000000000
GARAN,2017-03-01 19:14:10.078812,98,143325,8.78,1000000000
GARAN,2017-03-01 19:14:20.749711,98,143326,8.78,1000000000
GARAN,2017-03-01 19:14:31.420611,98,143327,8.78,1000000000
GARAN,2017-03-01 19:14:42.091510,98,143328,8.78,1000000000
GARAN,2017-03-01 19:14:52.762410,98,143329,8.78,1000000000
GARAN,2017-03-01 19:15:03.433309,98,143330,8.78,1000000000
GARAN,2017-03-01 19:15:14.104208,98,143331,8.78,1000000000
GARAN,2017-03-01 19:15:24.775108,98,143332,8.78,1000000000
GARAN,2017-03-01 19:15:35.446007,98,143333,8.78,1000000000
GARAN,2017-03-01 19:15:46.116906,98,143334,8.78,1000000000
GARAN,2017-03-01 19:15:56.787806,98,143335,8.78,1000000000
GARAN,2017-03-01 19:16:07.458705,98,143336,8.78,1000000000
GARAN,2017-03-01 19:16:18.129605,98,143337,8.78,1000000000
GARAN,2017-03-01 19:16:28.800504,98,143338,8.78,1000000000
GARAN,2017-03-01 19:16:39.471403,98,143339,8.78,1000000000
GARAN,2017-03-01 19:17:00.813202,98,143341,8.78,1000000000
GARAN,2017-03-01 19:17:11.484102,98,143342,8.78,1000000000
GARAN,2017-03-01 19:17:22.155001,98,143343,8.78,1000000000
GARAN,2017-03-01 19:17:32.825900,98,143344,8.78,1000000000
GARAN,2017-03-01 19:17:43.496799,98,143345,8.78,1000000000
GARAN,2017-03-01 19:17:54.167699,98,143346,8.78,1000000000
GARAN,2017-03-01 19:18:04.838598,98,143347,8.78,1000000000
GARAN,2017-03-01 19:18:15.509498,98,143348,8.78,1000000000
GARAN,2017-03-01 19:18:36.851296,98,143407,8.78,1000000000
GARAN,2017-03-01 19:18:47.522196,98,143408,8.78,1000000000
GARAN,2017-03-01 19:18:58.193095,98,143409,8.78,1000000000
GARAN,2017-03-01 19:19:08.863994,98,143410,8.78,1000000000
GARAN,2017-03-01 19:19:19.534894,98,143411,8.78,1000000000
GARAN,2017-03-01 19:19:30.205793,98,143412,8.78,1000000000
GARAN,2017-03-01 19:19:40.876693,98,143413,8.78,1000000000
GARAN,2017-03-01 19:19:51.547592,98,143434,8.78,1000000000
GARAN,2017-03-01 19:20:02.218491,98,143435,8.78,1000000000
GARAN,2017-03-01 19:20:12.889391,98,143436,8.78,1000000000
GARAN,2017-03-01 19:20:23.560290,98,143437,8.78,1000000000
GARAN,2017-03-01 19:20:34.231189,98,143438,8.78,1000000000
GARAN,2017-03-01 19:20:44.902089,98,143439,8.78,1000000000
GARAN,2017-03-01 19:20:55.572988,98,143440,8.78,1000000000
GARAN,2017-03-01 19:21:06.243887,98,143441,8.78,1000000000
GARAN,2017-03-01 19:23:03.623780,98,143736,8.78,1000000000
GARAN,2017-03-01 19:23:14.294680,98,143746,8.78,1000000000
GARAN,2017-03-01 19:23:35.636479,98,143756,8.78,1000000000
GARAN,2017-03-01 19:23:46.307378,98,143757,8.78,1000000000
GARAN,2017-03-01 19:24:18.320076,98,143802,8.78,1000000000
GARAN,2017-03-01 19:25:43.687271,98,143875,8.79,1000000000
GARAN,2017-03-01 19:25:54.358170,98,143876,8.79,1000000000
GARAN,2017-03-01 19:26:05.029070,98,143877,8.79,1000000000
GARAN,2017-03-01 19:26:15.699969,98,143878,8.79,1000000000
GARAN,2017-03-01 19:26:26.370868,98,143879,8.79,1000000000
GARAN,2017-03-01 19:26:37.041768,98,143880,8.79,1000000000
GARAN,2017-03-01 19:26:47.712667,98,143881,8.79,1000000000
GARAN,2017-03-01 19:26:58.383567,98,143882,8.79,1000000000
GARAN,2017-03-01 19:27:09.054466,98,143883,8.79,1000000000
GARAN,2017-03-01 19:27:41.067164,98,143886,8.79,1000000000
GARAN,2017-03-01 19:27:51.738063,98,143887,8.79,1000000000
GARAN,2017-03-01 19:28:23.750761,98,143890,8.79,1000000000
GARAN,2017-03-01 19:28:34.421661,98,143891,8.79,1000000000
GARAN,2017-03-01 19:28:45.092560,98,143892,8.79,1000000000
GARAN,2017-03-01 19:28:55.763460,98,143893,8.79,1000000000
GARAN,2017-03-01 19:29:06.434359,98,143894,8.79,1000000000
GARAN,2017-03-01 19:29:17.105258,98,143895,8.79,1000000000
GARAN,2017-03-01 19:29:27.776158,98,143896,8.79,1000000000
GARAN,2017-03-01 19:29:38.447057,98,143897,8.79,1000000000
GARAN,2017-03-01 19:30:10.459755,98,143968,8.79,1000000000
GARAN,2017-03-01 19:30:53.143353,98,144107,8.79,1000000000
GARAN,2017-03-01 19:32:39.852346,98,144820,8.79,1000000000
GARAN,2017-03-01 19:33:22.535944,98,144931,8.79,1000000000
GARAN,2017-03-01 19:33:54.548642,98,144959,8.79,1000000000
